=LDR  02888nam a2200697 i 4500
=001  b0000001463507
=005  20221015175006.7
=008  011031s2000    pl a         |000 1 ger  
=009  9910140088905606
=015  \\$aUWD 2002/7190
=020  \\$a8388292021
=035  \\$a991017166459705066
=035  \\$a(PL-WaBN)b14635070-48omnis_nlop
=035  \\$ab14635070
=035  \\$a(OCoLC)751495639
=035  \\$axx001781438
=040  \\$aWA N$cWA N
=041  1\$ager$hpol
=080  \\$a821.162.1(091)"1989/..."A/Z
=245  00$aOlga Tokarczuk /$c[wstęp] Aneta Górnicka-Boratyńska ; [Red. Elżbieta Kalinowska-Styczeń, Izabella Kaluta ; Übers. Andreas Volk].
=260  \\$aKraków :$bVilla Decius. Arbeitsgruppe Literatur Polska 2000,$c2000.
=300  \\$a23, [1] s. :$bil. ;$c15 cm.
=336  \\$aTekst$btxt$2rdacontent
=337  \\$aBez urządzenia pośredniczącego$bn$2rdamedia
=338  \\$aWolumin$bnc$2rdacarrier
=380  \\$aKsiążki
=504  \\$aBibliogr.
=600  17$aTokarczuk, Olga$d(1962- )$2DBN
=655  \7$aLiteratura polska$xhistoria$yod 1989 r.$2DBN
=700  1\$aGórnicka-Boratyńska, Aneta$d(1971- )$ePrzedm.
=700  1\$aKalinowska, Elżbieta$eRed.
=700  1\$aKaluta, Izabella$eRed.
=852  \\$822471196510005066$j1$h1.959.133$bBN_PL$p30001002642538$cbk6
=852  \\$822471196480005066$j1$h2.164.340 A$bBN_PL$p30001008655965$cbk1
=852  \\$822544671690005067$j1$hA 330642 I$bBJ$p1000416836$cBJ_BRAN_A
=909  \\$ab0000014635070
=910  \\$a2000 EO 2608/8 (2 egz.)$9LOCAL$z48OMNIS_UJA
=915  \\$aUWD 2002/7190
=918  1\$aGórnicka-Boratyńska, Aneta$d(1971- )
=918  1\$aKalinowska, Elżbieta
=918  1\$aKaluta, Izabella
=920  \\$a83-88292-02-1
=931  \\$a821.162.1(091)"1989/..."A/Z
=935  \\$a(KR_U)vtls000233834$9LOCAL$z48OMNIS_UJA
=955  \7$aLiteratura polska$xhistoria$yod 1989 r.$2DBN
=960  \\$a1.959.133$cbk6  $d30001002642538$e1.959.133$h2001 e 13200/34$iZ20,00$j2002.06.10$k1$l-$o1$9local$z48OMNIS_NLOP
=961  \\$aCALL NO: 1.959.133$h-- ACC NO: 2001 e 13200/34$j2002.06.10$9local$z48OMNIS_NLOP
=977  \\$aKRU-K01'1malo KRU-R01'04DP$9LOCAL$z48OMNIS_UJA
=980  \\$aKsiążki
=996  \\$a.b14635070$9local$z48OMNIS_NLOP
=998  \\$aik$ao$av$9local$z48OMNIS_NLOP
=999  \\$aIBmk$aIBkw$aIBkg$x19$y02
  
