=LDR  02256ngm a2200601 i 4500
=001  b0000001563417
=005  20221025123741.3
=007  vf cbahou
=008  030520s1996    pl 037       |    vlpol  
=009  9910435160505606
=035  \\$a991020793959705066
=035  \\$a(PL-WaBN)b15634176-48omnis_nlop
=035  \\$ab15634176
=035  \\$a(OCoLC)830488499
=040  \\$aWA N$cWA N
=245  00$aPodróże Olgi T. /$cVideo Studio Gdańsk na zlecenie Programu 2 TVP S.A. ; scen., reż. Ewa Pytka ; prod. Marek Łochwiecki.
=260  \\$aGdańsk :$bVideo Studio Gdańsk,$c1996.
=300  \\$a1 kas. wiz. (VHS) (37 min) :$bdźw., kolor. ;$c1,25 cm.
=380  \\$aFilmy i seriale
=500  \\$aKopia oryginalnego filmu.
=508  \\$aMuz. Marek Kuczyński ; zdj. Wojciech Ostrowski ; dźw. Piotr Mazurkiewicz ; montaż i realizacja Waldemar Płocharski ; animacje Robert Turło. 
=600  17$aTokarczuk, Olga$d(1962- )$2DBN
=648  \7$a1901-2000$2DBN
=650  \7$aPisarze polscy$y20 w.$2DBN
=655  \7$aBiografia$2DBN
=700  1\$aKuczyński, Marek$d(1967- )$eKompoz.
=700  1\$aŁochwiecki, Marek$eProd.
=700  1\$aOstrowski, Wojciech$d(1962- )$eZdj.
=700  1\$aPłocharski, Waldemar$eMontaż
=700  1\$aPytka, Ewa$d(1964- )$eReż.
=710  2\$aTelewizja Polska
=852  \\$822521853230005066$j1$hFon.V.2.471 A$bBN_PL$p777i19791392$cbnag_a
=909  \\$ab0000015634176
=918  1\$aKuczyński, Marek$d(1967- )
=918  1\$aŁochwiecki, Marek
=918  1\$aOstrowski, Wojciech$d(1962- )
=918  1\$aPłocharski, Waldemar
=918  1\$aPytka, Ewa$d(1964- )
=921  2\$aTelewizja Polska
=955  \7$aBiografia$2DBN
=960  \\$aFon.V.2.471 A$cbnag $eV.2.471$h2003 d 238/1$iZ60,00$l-$o16$9local$z48OMNIS_NLOP
=961  \\$aCALL NO: Fon.V.2.471 A$h-- ACC NO: 2003 d 238/1$9local$z48OMNIS_NLOP
=980  \\$aFilmy i seriale
=996  \\$a.b15634176$9local$z48OMNIS_NLOP
=998  \\$aik$ao$av$9local$z48OMNIS_NLOP
=999  \\$aZZDiA$brs$cmw
  
