=LDR  03218nam a2200709 i 4500
=001  b0000001615540
=005  20230211144923.2
=008  040517s2004    gw           |000 0 ger  
=009  9910274025305606
=015  \\$aPZ 1638
=020  \\$a3631518919
=035  \\$a991022810759705066
=035  \\$a(PL-WaBN)b16155403-48omnis_nlop
=035  \\$ab16155403
=035  \\$a(OCoLC)830556173
=035  \\$azz2004923316
=040  \\$aWA N$cWA N
=041  0\$ager
=044  \\$agw$asz
=080  \\$a82(0.054)
=100  1\$aLütvogt, Dörte$d(1968- )
=245  10$aRaum und Zeit in Olga Tokarczuks Roman Prawiek i inne czasy (Ur- und andere Zeiten) /$cDörte Lütvogt.
=260  \\$aFrankfurt am Main :$bPeter Lang,$c2004.
=300  \\$a484 s. ;$c21 cm.
=336  \\$aTekst$btxt$2rdacontent
=337  \\$aBez urządzenia pośredniczącego$bn$2rdamedia
=338  \\$aWolumin$bnc$2rdacarrier
=380  \\$aKsiążki
=490  1\$aStudien zur Deutschen und Europäischen Literatur des 19. und 20. Jahrhunderts,$x0946-9168 ;$vBd. 53
=502  \\$aInauguraldissertation zur Erlangung des Akademischen Grades eines Dr. phil. vorgelegt dem Fachbereich 15 Philologie III der Johannes Gutenberg-Universität Mainz.
=504  \\$aBibliogr. s. 467-479.
=600  17$aTokarczuk, Olga$d(1962- ).$tPrawiek i inne czasy$2DBN
=648  \7$a1901-2000$2DBN
=650  \7$aCzas$xw literaturze polskiej$2DBN
=830  \0$aStudien zur Deutschen und Europäischen Literatur des 19. und 20. Jahrhunderts$vBd. 55
=852  \\$822573907530005066$j1$h2.206.049 A$bBN_PL$p30001000452005$cbk1
=852  \\$822573907490005066$j1$h1.707.039$bBN_PL$p30001000501033$cbk6
=852  \\$822462048830005067$j1$h79813$bBWP$p1807016908$cBWP_K
=852  \\$822462048780005067$j1$hB 298507 II$bBJ$p1000695122$cBJ_MAG
=909  \\$ab0000016155403
=910  \\$a2004 D 162/1 (1 egz.)$9LOCAL$z48OMNIS_UJA
=915  \\$aPZ 1638
=916  \\$aLütvogt, Dörte   (1968- )
=920  \\$a3-631-51891-9 :$c€ 74.50
=931  \\$a82(0.054)
=935  \\$a(KR_U)vtls000379829$9LOCAL$z48OMNIS_UJA
=960  \\$a1.707.039$cbk6  $d30001000501033$e1.707.039$f2004.05.06$gLütvogt Dörte$h2004 d 384$iZ200,00$j2004.08.09$k1$l-$o1$9local$z48OMNIS_NLOP
=961  \\$aCALL NO: 1.707.039$f2004.05.06$gLütvogt Dörte$h-- ACC NO: 2004 d 384$j2004.08.09$9local$z48OMNIS_NLOP
=980  \\$aKsiążki
=996  \\$a.b16155403$9local$z48OMNIS_NLOP
=998  \\$aik$ao$av$9local$z48OMNIS_NLOP
=999  \\$azk$bmb$cas$aresi$yrzecz30$x04$azuz$b4rk$aDBNd$bjka
=999  \\$amerge ar
  
