=LDR  01845nam a2200541 i 4500
=001  b0000002601700
=005  20221013130527.7
=006  m     o  d |      
=007  cr cn nnnann|n
=008  110321s2011    pl a    o    |000 j pol  
=009  9910034471005606
=020  \\$a9788362831012
=035  \\$a991005110649705066
=035  \\$a(PL-WaBN)b26017003-48omnis_nlop
=035  \\$ab26017003
=035  \\$a(OCoLC)839016325
=040  \\$aWA N$cWA N
=080  \\$a82(0.034)
=100  1\$aPufal, Katarzyna
=245  10$aŚwiat przedstawiony w opowiadaniach Olgi Tokarczuk "Gra na wielu bębenkach" /$cKatarzyna Pufal.
=256  \\$aDane tekstowe.
=260  \\$aZłotów :$bWydawnictwo i Szkolenia Przemysław Pufal,$c2011.
=380  \\$aE-booki
=500  \\$aDokument online dostępny w Repozytorium Dokumentów Elektronicznych BN.
=504  \\$aBibliogr.
=538  \\$aTryb dostępu: online.
=600  17$aTokarczuk, Olga$d(1962- )$2DBN
=655  \7$aDokumenty elektroniczne$2DBN
=655  \7$aOpowiadanie polskie$xstylistyka$yod 1989 r.$2DBN
=852  \\$822473213790005066$j1$hRepozytorium$bBN_PL$p777i57640981$crep
=902  \\$en
=909  \\$ab0000026017003
=916  \\$aPufal, Katarzyna   
=920  \\$a978-83-62831-01-2
=931  \\$a82(0.034)
=955  \7$aDokumenty elektroniczne$2DBN
=955  \7$aOpowiadanie polskie$xstylistyka$yod 1989 r.$2DBN
=960  \\$crep  $iZ0,00$l-$o26$xonline$9local$z48OMNIS_NLOP
=961  \\$xonline$9local$z48OMNIS_NLOP
=980  \\$aE-booki
=996  \\$a.b26017003$9local$z48OMNIS_NLOP
=998  \\$ao$aik$av$9local$z48OMNIS_NLOP
=999  \\$aJHP$bas
  
