=LDR  04236nam a2200949 i 4500
=001  b0000002963039
=005  20230204150701.7
=008  131014s2013    pl a         |001 0 pol  
=009  9910101636705606
=015  \\$aUWD 2013/27547
=020  \\$a9788360678435
=035  \\$a991019290129705066
=035  \\$a(PL-WaBN)b29630393-48omnis_nlop
=035  \\$ab29630393
=035  \\$a(OCoLC)863088838
=035  \\$axx002931787
=040  \\$aWA N$cWA N
=080  \\$a821.162.1(091)"19"
=084  \\$a11
=245  00$aŚwiaty Olgi Tokarczuk :$bstudia i szkice /$cpod red. Magdaleny Rabizo-Birek, Magdaleny Pocałuń-Dydycz i Adama Bieniasa.
=260  \\$aRzeszów :$bWydawnictwo Uniwersytetu Rzeszowskiego :$bStowarzyszenie Literacko-Artystyczne "Fraza",$c2013.
=300  \\$a380 s. :$bil. ;$c24 cm.
=336  \\$aTekst$btxt$2rdacontent
=337  \\$aBez urządzenia pośredniczącego$bn$2rdamedia
=338  \\$aWolumin$bnc$2rdacarrier
=380  \\$aKsiążki
=490  1\$aBiblioteka "Frazy"
=504  \\$aBibliogr. tekstów O. Tokarczuk s. 365-370. Indeks.
=600  17$aTokarczuk, Olga$d(1962- )$2DBN
=655  \7$aLiteratura polska$xhistoria$yod 1980 r.$2DBN
=700  1\$aBienias, Adam$d(1989- )$eRed.
=700  1\$aPocałuń-Dydycz, Magdalena$d(1978- )$eRed.
=710  2\$aStowarzyszenie Literacko-Artystyczne "Fraza"$4pbl
=830  \0$aBiblioteka "Frazy"
=852  \\$822575719390005066$j1$h2.775.314$bBN_PL$p30001019607816$cbk8
=852  \\$822575719360005066$j1$h2.478.200 A$bBN_PL$p30001019607809$cbk1
=852  \\$822164119690006831$j1$h631475 II$bBuKul$p1000871427$cBG_BG
=852  \\$822164119730006831$j1$h12331 B$bGG06$p1000821867$cFiPol_LitP
=852  \\$822530693600005067$j1$hA 752537 II$bBJ$p1001764014$cBJ_EGZ_A
=852  \\$822530693580005067$j1$h96513$bBWP$p1807047424$cBWP_K
=852  \\$822530693620005067$j0$hB 587677 II$bBJ$p1001764013$cBJ_MAG
=852  \\$822334176450006926$j0$hEls.o|Tokarczuk O./***/Świ/2013$bTORU$p300050931893$cLiterat_bg
=852  \\$822334176470006926$j1$h48141$bCMFTORU$p304000729178$cMG_k_fp
=909  \\$ab0000029630393
=910  \\$a631475 II$b13/5986/eo$9LOCAL$z48OMNIS_KUL
=915  \\$aUWD 2013/27547
=918  1\$aBienias, Adam$d(1989- )
=918  1\$aPocałuń-Dydycz, Magdalena$d(1978- )
=920  \\$a978-83-60678-43-5
=920  \\$a978-83-7338-889-5 (Wydaw. UR)
=920  \\$a978-83-7338-889-5$9LOCAL$z48OMNIS_UJA
=921  2\$aStowarzyszenie Literacko-Artystyczne "Fraza"
=923  \\$aStowarzyszenie Literacko-Artystyczne "Fraza"
=931  \\$a821.162.1(091)"19"
=935  \\$avtls000620642$9LOCAL$z48OMNIS_KUL
=935  \\$a(KR_U)vtls001076480$9LOCAL$z48OMNIS_UJA
=953  \\$aLCHk14137366$9LOCAL$z48OMNIS_CHE
=955  \7$aLiteratura polska$xhistoria$yod 1980 r.$2DBN
=959  \\$p100021398100$aI 213981$d20141020$c24.57$hW$eK$x0127/2014$tP$jA.87E$bK130186$9LOCAL$z48OMNIS_CHE
=960  \\$a2.478.200 A$cbk1  $d30001019607809$e2.478.200$h2013 e$iZ120,00$j2013.11.13$k1$l-$o0$xNakł.: 350$9local$z48OMNIS_NLOP
=961  \\$aCALL NO: 2.478.200 A$h-- ACC NO: 2013 e$j2013.11.13$xNakł.: 350$9local$z48OMNIS_NLOP
=963  \\$aCHE_1$9LOCAL$z48OMNIS_CHE
=980  \\$aKsiążki
=996  \\$a.b29630393$9local$z48OMNIS_NLOP
=998  \\$aik$ao$av$9local$z48OMNIS_NLOP
=999  \\$azk$bmk$x43$y13
  
