=LDR  01777naa a2200517 i 4500
=001  b0000003047461
=005  20221015174909.2
=008  140127s2013    pl           |000 0 pol  
=009  9910438855305606
=015  \\$aBZCz 2014/01/2839
=035  \\$a991022612549705066
=035  \\$a(PL-WaBN)b30474619-48omnis_nlop
=035  \\$ab30474619
=035  \\$a(OCoLC)899909918
=040  \\$aWA N$cWA N
=080  \\$a792(045/046)
=100  1\$aDerbisz, Jakub
=245  10$aSzukanie wrażliwości /$cJakub Derbisz.
=260  \\$c2013.
=336  \\$aTekst$btxt$2rdacontent
=337  \\$aBez urządzenia pośredniczącego$bn$2rdamedia
=338  \\$aWolumin$bnc$2rdacarrier
=380  \\$aArtykuły
=520  8\$aZawiera rec. przedstawienia: Kotlina / wg Olgi Tokarczuk ; reż. Agnieszka Olsten ; Teatr Współczesny, Wrocław.
=600  17$aOlsten, Agnieszka$d(1977- )$2DBN
=610  27$aWrocławski Teatr Współczesny im. Marii i Edmunda Wiercińskich$2DBN
=648  \7$a2001-$2DBN
=650  \7$aInscenizacja$2DBN
=651  \7$aWrocław (woj. dolnośląskie)$xteatr$y21 w.$2DBN
=655  \7$aRecenzja teatralna$2DBN
=658  \\$aKultura i sztuka
=740  0\$aKotlina - recenzja
=773  0\$iW:$tOpcje.$g2013, nr 3, s. 144-146
=909  \\$ab0000030474619
=915  \\$aBZCz 2014/01/2839
=916  \\$aDerbisz, Jakub   
=931  \\$a792(045/046)
=951  \7$aWrocław (woj. dolnośląskie)$xteatr$y21 w.$2DBN
=955  \7$aRecenzja teatralna$2DBN
=958  \\$aKultura i sztuka
=980  \\$aArtykuły
=996  \\$a.b30474619$9local$z48OMNIS_NLOP
=998  \\$ao$av$9local$z48OMNIS_NLOP
=999  \\$abzcz$bws$cws$x01$y2014
  
