=LDR  01313naa a2200397 i 4500
=001  b0000003054131
=005  20221015174826.1
=008  140212s2014    pl           |000 0 pol  
=009  9910191026505606
=015  \\$aBZCz 2014/02/8181
=035  \\$a991022875379705066
=035  \\$a(PL-WaBN)b30541311-48omnis_nlop
=035  \\$ab30541311
=035  \\$a(OCoLC)899922909
=040  \\$aWA N$cWA N
=080  \\$a821.162.1(091)(045/046)
=100  1\$aOwczarski, Wojciech$d(1970- )
=245  10$aIroniczne sny Olgi Tokarczuk /$cWojciech Owczarski.
=260  \\$c2014.
=336  \\$aTekst$btxt$2rdacontent
=337  \\$aBez urządzenia pośredniczącego$bn$2rdamedia
=338  \\$aWolumin$bnc$2rdacarrier
=380  \\$aArtykuły
=600  17$aTokarczuk, Olga$d(1962- )$2DBN
=655  \7$aLiteratura polska$xhistoria$yod 1944 r.$2DBN
=773  0\$iW:$tOdra (Wrocław).$x0472-5182.$g2014, nr 2, s. 72-76$w(PL)b0000001479660
=909  \\$ab0000030541311
=915  \\$aBZCz 2014/02/8181
=916  \\$aOwczarski, Wojciech   (1970- )
=931  \\$a821.162.1(091)(045/046)
=955  \7$aLiteratura polska$xhistoria$yod 1944 r.$2DBN
=980  \\$aArtykuły
=996  \\$a.b30541311$9local$z48OMNIS_NLOP
=998  \\$ao$av$9local$z48OMNIS_NLOP
=999  \\$abzcz$bbw$cbw$x02$y2014
  
