=LDR  01586naa a2200457 i 4500
=001  b0000003105052
=005  20221014143542.6
=008  140612s2013    pl           |000 0 pol  
=009  9910030020905606
=015  \\$aBZCz 2014/25628
=035  \\$a991024885499705066
=035  \\$a(PL-WaBN)b31050529-48omnis_nlop
=035  \\$ab31050529
=035  \\$a(OCoLC)899838713
=040  \\$aWA N$cWA N
=080  \\$a821.162.1(091)(045/046)
=100  1\$aTokarczuk, Olga$d(1962- )
=245  10$aNigdy nie zgodzę się z tym, że w literaturze zostało opowiedziane "wszystko"... /$cOlga Tokarczuk ; rozm. przepr. Adam Bienias.
=260  \\$c2013.
=336  \\$aTekst$btxt$2rdacontent
=337  \\$aBez urządzenia pośredniczącego$bn$2rdamedia
=338  \\$aWolumin$bnc$2rdacarrier
=380  \\$aArtykuły
=600  17$aTokarczuk, Olga$d(1962- )$2DBN
=648  \7$a2001-$2DBN
=655  \7$aLiteratura polska$xhistoria$yod 1980 r.$2DBN
=700  1\$aBienias, Adam$d(1989- )
=773  0\$iW:$tFraza : pismo literacko-społeczne.$x1230-4832.$gR. 22, nr 3 (2013), s. 157-165
=909  \\$ab0000031050529
=915  \\$aBZCz 2014/25628
=916  \\$aTokarczuk, Olga   (1962- )
=918  1\$aBienias, Adam$d(1989- )
=931  \\$a821.162.1(091)(045/046)
=955  \7$aLiteratura polska$xhistoria$yod 1980 r.$2DBN
=980  \\$aArtykuły
=996  \\$a.b31050529$9local$z48OMNIS_NLOP
=998  \\$ao$av$9local$z48OMNIS_NLOP
=999  \\$abzcz$bdu$baw$cjkr$x06$y2014
  
