=LDR  01579naa a2200469 i 4500
=001  b0000003105111
=005  20221014143558.4
=008  140612s2013    pl           |000 0 pol  
=009  9910401569705606
=015  \\$aBZCz 2014/25469
=035  \\$a991024887739705066
=035  \\$a(PL-WaBN)b3105111x-48omnis_nlop
=035  \\$ab3105111x
=035  \\$a(OCoLC)899838888
=040  \\$aWA N$cWA N
=041  0\$apol$beng
=080  \\$a821.162.1(091)(045/046)
=100  1\$aIwasiów, Sławomir$d(1983- )
=245  10$aCelem mojej pielgrzymki jest zawsze inny pielgrzym... :$bpodróż w prozie Olgi Tokarczuk /$cSławomir Iwasiów.
=260  \\$c2013.
=336  \\$aTekst$btxt$2rdacontent
=337  \\$aBez urządzenia pośredniczącego$bn$2rdamedia
=338  \\$aWolumin$bnc$2rdacarrier
=380  \\$aArtykuły
=546  \\$aStreszcz. ang.
=600  17$aTokarczuk, Olga$d(1962- )$2DBN
=648  \7$a1901-2000$2DBN
=648  \7$a1989-2000$2DBN
=650  \7$aPodróżnictwo$xw literaturze polskiej$2DBN
=655  \7$aProza polska$xtematyka$yod 1989 r.$2DBN
=773  0\$iW:$tFraza : pismo literacko-społeczne.$x1230-4832.$gR. 22, nr 3 (2013), s. 169-190
=909  \\$ab000003105111x
=915  \\$aBZCz 2014/25469
=916  \\$aIwasiów, Sławomir   (1983- )
=931  \\$a821.162.1(091)(045/046)
=955  \7$aProza polska$xtematyka$yod 1989 r.$2DBN
=980  \\$aArtykuły
=996  \\$a.b3105111x$9local$z48OMNIS_NLOP
=998  \\$ao$av$9local$z48OMNIS_NLOP
=999  \\$abzcz$bdu$baw$cjkr$x06$y2014
  
