=LDR  01574naa a2200457 i 4500
=001  b0000003131251
=005  20221015174826.1
=008  140527s2014    pl           |000 0 pol  
=009  9910326302005606
=015  \\$aPrasa 2014/05/27
=035  \\$a991025910339705066
=035  \\$a(PL-WaBN)b31312512-48omnis_nlop
=035  \\$ab31312512
=035  \\$a(OCoLC)1008617542
=040  \\$aKR M$cKR M
=100  1\$aTokarczuk, Olga$d(1962- )
=245  10$aHistorię trzeba opowiadać na nowo /$cOlga Tokarczuk ; rozm. przepr. Michał Nogaś.
=260  \\$c27 V 2014.
=336  \\$aTekst$btxt$2rdacontent
=337  \\$aBez urządzenia pośredniczącego$bn$2rdamedia
=338  \\$aWolumin$bnc$2rdacarrier
=380  \\$aArtykuły
=600  17$aTokarczuk, Olga$d(1962- )$2DBN
=650  \7$aPisarze polscy$yod 1989 r.$2DBN
=655  \7$aPowieść polska$xhistoria$yod 1989 r.$2DBN
=700  1\$aNogaś, Michał$d(1978- )
=773  0\$iW:$tTygodnik Powszechny : katolickie pismo społeczno-kulturalne.$x0041-4808.$g2014, nr 21, dod. Festiwal Conrada, s. 18-21$w(PL)b0000001298071
=909  \\$ab0000031312512
=915  \\$aPrasa 2014/05/27
=916  \\$aTokarczuk, Olga   (1962- )
=918  1\$aNogaś, Michał$d(1978- )
=955  \7$aPowieść polska$xhistoria$yod 1989 r.$2DBN
=980  \\$aArtykuły
=996  \\$a.b31312512
=998  \\$ao
=999  \\$aKR M$bjn
  
