=LDR  01893nam a2200445 i 4500
=001  b0000003190929
=005  20211030063903.9
=008  140916s2008    pl a         |000 0 pol  
=009  9910146860805606
=035  \\$a991028237559705066
=035  \\$a(PL-WaBN)b31909292-48omnis_nlop
=035  \\$ab31909292
=035  \\$a(OCoLC)899885838
=040  \\$aWA N$cWA N
=245  00$aOdra :$bnagroda 2007 : Olga Tokarczuk.
=260  \\$a[Wrocław :$bs.n.,$c2008].
=300  \\$a[4] s. :$bil. ;$c21x11 cm.
=380  \\$aDruki ulotne
=500  \\$aNa s. [4]: Dotychczasowi laureaci Nagdory Miesięcznika "Odra".
=500  \\$aProgram uroczystości uświetni recital autorski Leszka  Wójtowicza, poety i barda "Piwnicy pod Baranami".
=600  17$aTokarczuk, Olga$d(1962- )$2DBN
=630  07$aOdra (czasopismo ; Wrocław)$2DBN
=648  \7$a2001-$2DBN
=650  \7$aNagrody literackie$zPolska$y21 w.$2DBN
=651  \7$aWrocław (woj. dolnośląskie)$xkultura$ximprezy$y21 w.$2DBN
=655  \7$aZaproszenie$2DBN
=852  \\$822573295100005066$j1$hTD 215D Arch.$bBN_PL$p777i45492414$cbzdk
=902  \\$a180918$c140916$dm$eu$f-$g0
=909  \\$ab0000031909292
=930  07$aOdra (czasopismo ; Wrocław)$2DBN
=951  \7$aWrocław (woj. dolnośląskie)$xkultura$ximprezy$y21 w.$2DBN
=955  \7$aZaproszenie$2DBN
=960  \\$aTD 215D Arch.$cbzdk $iZ0,00$l-$o6$9local$z48OMNIS_NLOP
=961  \\$aCALL NO: TD 215D Arch.$9local$z48OMNIS_NLOP
=980  \\$aDruki ulotne
=996  \\$a.b31909292$9local$z48OMNIS_NLOP
=998  \\$aik$ao$av$9local$z48OMNIS_NLOP
=999  \\$adżs$bds$adżsp$bds
  
