=LDR  01982naa a2200553 i 4500
=001  b0000003210541
=005  20221014143459.1
=008  141006s2014    pl           |000 0 ger  
=009  9910383870605606
=015  \\$aBZCz 2014/45558
=035  \\$a991029003749705066
=035  \\$a(PL-WaBN)b32105411-48omnis_nlop
=035  \\$ab32105411
=035  \\$a(OCoLC)899788914
=040  \\$aWA N$cWA N
=041  0\$ager$beng
=080  \\$a821.162.1(091)(045/046)
=100  1\$aJekutsch, Ulrike$d(1950- )
=245  10$aHeiligenkult - Roman - Theaterstück :$bzur Übertragung des Kults der hl. Kümmernis in die neue polnische Literatur /$cUlrike Jekutsch.
=260  \\$c2014.
=336  \\$aTekst$btxt$2rdacontent
=337  \\$aBez urządzenia pośredniczącego$bn$2rdamedia
=338  \\$aWolumin$bnc$2rdacarrier
=380  \\$aArtykuły
=546  \\$aStreszcz. ang.
=600  07$aWilgefortis$c(święta)$2DBN
=600  17$aTokarczuk, Olga$d(1962- ).$tDom dzienny, dom nocny$2DBN
=648  \7$a1901-2000$2DBN
=650  \7$aTeatr polski$2DBN
=655  \7$aPowieść polska$2DBN
=658  \\$aKultura i sztuka
=773  0\$iW:$tRocznik Komparatystyczny.$x2081-8718.$gR. 5 (2014), s. 127-151
=909  \\$ab0000032105411
=915  \\$aBZCz 2014/45558
=916  \\$aJekutsch, Ulrike   (1950- )
=931  \\$a821.162.1(091)(045/046)
=950  \\$uhttps://eu05.alma.exlibrisgroup.com/view/uresolver/48OMNIS_NETWORK/openurl?u.ignore_date_coverage=true&portfolio_pid=53665916960005066&Force_direct=true$zZobacz w Polonie$853665916960005066
=955  \7$aPowieść polska$2DBN
=958  \\$aKultura i sztuka
=980  \\$aArtykuły
=996  \\$a.b32105411$9local$z48OMNIS_NLOP
=998  \\$ao$av$9local$z48OMNIS_NLOP
=999  \\$abzcz$bpg$x10$y2014 $amerk
  
