=LDR  01928naa a2200397 i 4500
=001  b0000003226161
=005  20221015175035.5
=008  141021s2014    pl           |000 0 pol  
=009  9910345592705606
=015  \\$aPrasa 2014/10/21
=035  \\$a991029620559705066
=035  \\$a(PL-WaBN)b32261615-48omnis_nlop
=035  \\$ab32261615
=035  \\$a(OCoLC)899838747
=040  \\$aWA N$cWA N
=100  1\$aCzapliński, Przemysław$d(1962- )
=245  10$a"Księgi Jakubowe", czyli dwieście lat samotności /$cPrzemysław Czapliński.
=260  \\$c21 X 2014.
=336  \\$aTekst$btxt$2rdacontent
=337  \\$aBez urządzenia pośredniczącego$bn$2rdamedia
=338  \\$aWolumin$bnc$2rdacarrier
=380  \\$aArtykuły
=520  8\$aZawiera rec. książki: Księgi Jakubowe albo Wielka podróż przez siedem granic, pięć języków i trzy duże religie, nie licząc tych małych : opowiadana przez zmarłych, a przez autorkę dopełniona metodą koniektury, z wielu rozmaitych ksiąg zaczerpnięta, a także wspomożona imaginacją, która to jest największym naturalnym darem człowieka / Olga Tokarczuk. - Kraków, 2014.
=600  17$aTokarczuk, Olga$d(1962- ).$tKsięgi Jakubowe albo Wielka podróż przez siedem granic, pięć języków i trzy duże religie, nie licząc tych małych$2DBN
=655  \7$aRecenzja literacka$2DBN
=740  0\$aKsięgi Jakubowe albo Wielka podróż przez siedem granic, pięć języków i trzy duże religie, nie licząc tych małych - recenzja
=773  0\$iW:$tGazeta Wyborcza (Wyd. zasadnicze).$x0860-908X.$g2014, nr 245, s. 16-17$w(PL)b0000001301576
=909  \\$ab0000032261615
=915  \\$aPrasa 2014/10/21
=916  \\$aCzapliński, Przemysław   (1962- )
=955  \7$aRecenzja literacka$2DBN
=980  \\$aArtykuły
=996  \\$a.b32261615$9local$z48OMNIS_NLOP
=998  \\$ao$av$9local$z48OMNIS_NLOP
=999  \\$abzczp$bjkr$cjkr
  
