=LDR  01643naa a2200481 i 4500
=001  b0000003228146
=005  20220304160609.4
=008  141022s2014    pl           |000 0 pol  
=009  9910498200705606
=015  \\$aPrasa 2014/10/22
=035  \\$a991029698279705066
=035  \\$a(PL-WaBN)b32281468-48omnis_nlop
=035  \\$ab32281468
=035  \\$a(OCoLC)899844449
=040  \\$aBPTOR$cBPTOR
=100  1\$aTokarczuk, Olga$d(1962- )
=245  10$aTęsknota za herezją /$cOlga Tokaczuk ; rozm przepr. Małgorzata Sadowska.
=260  \\$c22 X 2014.
=336  \\$aTekst$btxt$2rdacontent
=337  \\$aBez urządzenia pośredniczącego$bn$2rdamedia
=338  \\$aWolumin$bnc$2rdacarrier
=380  \\$aArtykuły
=600  17$aTokarczuk, Olga$d(1962- )$2DBN
=648  \7$a1901-2000$2DBN
=655  \7$aPowieść polska$xhistoria$yod 1989 r.$2DBN
=655  \7$aPowieść polska$xtematyka$yod 1989 r.$2DBN
=700  1\$aSadowska, Małgorzata$c(dziennikarka)
=773  0\$iW:$tNewsweek Polska.$x1642-5685.$g2014, nr 43, s. 94-97$w(PL)b0000001458514
=902  \\$a170219$c141022$dm$eb$f-$g0
=909  \\$ab0000032281468
=915  \\$aPrasa 2014/10/22
=916  \\$aTokarczuk, Olga   (1962- )
=918  1\$aSadowska, Małgorzata$c(dziennikarka)
=955  \7$aPowieść polska$xhistoria$yod 1989 r.$2DBN
=955  \7$aPowieść polska$xtematyka$yod 1989 r.$2DBN
=980  \\$aArtykuły
=996  \\$a.b32281468
=999  \\$aBPTOR$baz$cjkr
  
