=LDR  01688naa a2200445 i 4500
=001  b0000003234123
=005  20221015174840.4
=008  141027s2014    pl           |000 0 pol  
=009  9910309548705606
=015  \\$aPrasa 2014/10/27
=035  \\$a991029934299705066
=035  \\$a(PL-WaBN)b32341234-48omnis_nlop
=035  \\$ab32341234
=035  \\$a(OCoLC)899864558
=040  \\$aKR M$cKR M
=100  1\$aTokarczuk, Olga$d(1962- )
=245  10$aTropem herezji :$bmiliardy żyjących przed nami ludzi nigdy nie zostało "zapisanych" /$cOlga Tokarczuk ; rozm. przepr. Tomasz Stawiszyński.
=260  \\$c19 X 2014.
=336  \\$aTekst$btxt$2rdacontent
=337  \\$aBez urządzenia pośredniczącego$bn$2rdamedia
=338  \\$aWolumin$bnc$2rdacarrier
=380  \\$aArtykuły
=600  17$aTokarczuk, Olga$d(1962- ).$tKsięgi Jakubowe albo Wielka podróż przez siedem granic, pięć języków i trzy duże religie, nie licząc tych małych$2DBN
=648  \7$a2001-$2DBN
=655  \7$aPowieść polska$xhistoria$y21 w.$2DBN
=700  1\$aStawiszyński, Tomasz$d(1978- )
=773  0\$iW:$tTygodnik Powszechny : katolickie pismo społeczno-kulturalne.$x0041-4808.$g2014, nr 42, s. 56-59$w(PL)b0000001298071
=909  \\$ab0000032341234
=915  \\$aPrasa 2014/10/27
=916  \\$aTokarczuk, Olga   (1962- )
=918  1\$aStawiszyński, Tomasz$d(1978- )
=955  \7$aPowieść polska$xhistoria$y21 w.$2DBN
=980  \\$aArtykuły
=996  \\$a.b32341234
=999  \\$aDBNd$bjka
  
