=LDR  01913naa a2200421 i 4500
=001  b0000003257252
=005  20221015175050.0
=008  141112s2014    pl           |000 0 pol  
=009  9910298789105606
=015  \\$aPrasa 2014/11/08
=035  \\$a991030845449705066
=035  \\$a(PL-WaBN)b32572529-48omnis_nlop
=035  \\$ab32572529
=035  \\$a(OCoLC)899918012
=040  \\$aGD W$cGD W
=100  1\$aBugajski, Leszek$d(1949- )
=245  10$aWiele hałasu o nic /$cLeszek Bugajski.
=260  \\$c8-9 XI 2014.
=336  \\$aTekst$btxt$2rdacontent
=337  \\$aBez urządzenia pośredniczącego$bn$2rdamedia
=338  \\$aWolumin$bnc$2rdacarrier
=380  \\$aArtykuły
=520  8\$aZawiera rec. książki: Księgi Jakubowe / Olga Tokarczuk. - Kraków, 2014.
=600  17$aTokarczuk, Olga$d(1962- ).$tKsięgi Jakubowe albo Wielka podróż przez siedem granic, pięć języków i trzy duże religie, nie licząc tych małych$2DBN
=655  \7$aRecenzja literacka$2DBN
=740  0\$aKsięgi Jakubowe albo Wielka podróż przez siedem granic, pięć języków i trzy duże religie, nie licząc tych małych - recenzja
=773  0\$iW:$tRzeczpospolita (Wyd. zasadnicze).$x0208-9130.$g2014, nr 260, s. P18-P19$w(PL)b0000001472831
=787  0\$iRecenzja:$aTokarczuk, Olga (1962- ).$tKsięgi Jakubowe albo Wielka podróż przez siedem granic, pięć języków i trzy duże religie, nie licząc tych małych
=909  \\$ab0000032572529
=915  \\$aPrasa 2014/11/08
=916  \\$aBugajski, Leszek   (1949- )
=955  \7$aRecenzja literacka$2DBN
=980  \\$aArtykuły
=996  \\$a.b32572529
=999  \\$aGD W$cjkr
  
