=LDR  01715naa a2200457 i 4500
=001  b0000003257950
=005  20221014143459.1
=008  141113s2012    pl           |000 0 pol  
=009  9910069184305606
=015  \\$aBZCz 2014/51954
=035  \\$a991030872529705066
=035  \\$a(PL-WaBN)b32579500-48omnis_nlop
=035  \\$ab32579500
=035  \\$a(OCoLC)922201706
=040  \\$aWA N$cWA N
=041  0\$apol$beng
=080  \\$a821.162.1(091)(045/046)
=100  1\$aUkleja, Katarzyna
=245  10$aPoszukiwanie tożsamości w "Domu dziennym, domu nocnym" Olgi Tokarczuk /$cKatarzyna Ukleja.
=260  \\$c2012.
=336  \\$aTekst$btxt$2rdacontent
=337  \\$aBez urządzenia pośredniczącego$bn$2rdamedia
=338  \\$aWolumin$bnc$2rdacarrier
=380  \\$aArtykuły
=546  \\$aStreszcz. ang.
=600  17$aTokarczuk, Olga$d(1962- ).$tDom dzienny, dom nocny$2DBN
=648  \7$a1901-2000$2DBN
=655  \7$aProza polska$xhistoria$yod 1989 r.$2DBN
=773  0\$iW:$tAnnales Universitatis Paedagogicae Cracoviensis. Studia de Arte et Educatione.$x2081-3325.$g[Nr] 7 (2012), s. 122-130
=909  \\$ab0000032579500
=915  \\$aBZCz 2014/51954
=916  \\$aUkleja, Katarzyna   
=931  \\$a821.162.1(091)(045/046)
=950  \\$uhttps://eu05.alma.exlibrisgroup.com/view/uresolver/48OMNIS_NETWORK/openurl?u.ignore_date_coverage=true&portfolio_pid=53663610540005066&Force_direct=true$zZobacz w Polonie$853663610540005066
=955  \7$aProza polska$xhistoria$yod 1989 r.$2DBN
=980  \\$aArtykuły
=996  \\$a.b32579500$9local$z48OMNIS_NLOP
=998  \\$ao$av$9local$z48OMNIS_NLOP
=999  \\$azzmer$bjt$cjt$x11$y2014
  
