=LDR  02046naa a2200409 i 4500
=001  b0000003258175
=005  20221014143558.4
=008  141113s2014    pl           |000 0 pol  
=009  9910034434405606
=015  \\$aPrasa 2014/11/13
=035  \\$a991030881319705066
=035  \\$a(PL-WaBN)b32581750-48omnis_nlop
=035  \\$ab32581750
=035  \\$a(OCoLC)899920294
=040  \\$aLUBL M$cLUBL M
=100  1\$aSobolewska, Justyna$d(1972- )
=245  10$aNowa podróż ludzi Księgi /$cJustyna Sobolewska.
=260  \\$c22-28 X 2014.
=336  \\$aTekst$btxt$2rdacontent
=337  \\$aBez urządzenia pośredniczącego$bn$2rdamedia
=338  \\$aWolumin$bnc$2rdacarrier
=380  \\$aArtykuły
=520  8\$aZawiera rec. książki: Księgi Jakubowe albo Wielka podróż przez siedem granic, pięć języków i trzy duże religie, nie licząc tych małych : opowiadana przez zmarłych, a przez autorkę dopełniona metodą koniektury, z wielu rozmaitych ksiąg zaczerpnięta, a także wspomożona imaginacją, która to jest największym naturalnym darem człowieka / Olga Tokarczuk. - Kraków, 2014.
=600  17$aTokarczuk, Olga$d(1962- ).$tKsięgi Jakubowe albo Wielka podróż przez siedem granic, pięć języków i trzy duże religie, nie licząc tych małych$2DBN
=655  \7$aRecenzja literacka$2DBN
=740  0\$aKsięgi Jakubowe albo Wielka podróż przez siedem granic, pięć języków i trzy duże religie, nie licząc tych małych - recenzja
=773  0\$iW:$tPolityka (Warszawa ; 1957).$x0032-3500.$g2014, nr 43, s. 84-85$w(PL)b0000001481990
=787  0\$iRecenzja:$aTokarczuk, Olga (1962- ).$tKsięgi Jakubowe albo Wielka podróż przez siedem granic, pięć języków i trzy duże religie, nie licząc tych małych
=909  \\$ab0000032581750
=915  \\$aPrasa 2014/11/13
=916  \\$aSobolewska, Justyna   (1972- )
=955  \7$aRecenzja literacka$2DBN
=980  \\$aArtykuły
=996  \\$a.b32581750
=999  \\$aLUBL M$bblj
  
