=LDR  01505naa a2200421 i 4500
=001  b0000003262837
=005  20211030064308.2
=008  040625s2003    pl           |000 0 pol  
=009  9910091592305606
=015  \\$aBZCz 2004/20663
=035  \\$a991031066789705066
=035  \\$a(PL-WaBN)b32628377-48omnis_nlop
=035  \\$ab32628377
=035  \\$a(OCoLC)899931059
=040  \\$aWA N$cWA N
=041  0\$apol$beng
=080  \\$a821.162.1(091)(045/046)
=100  1\$aFliszewska, Olga
=245  10$aW kręgu mitu /$cOlga Fliszewska.
=260  \\$c2003.
=336  \\$aTekst$btxt$2rdacontent
=337  \\$aBez urządzenia pośredniczącego$bn$2rdamedia
=338  \\$aWolumin$bnc$2rdacarrier
=380  \\$aArtykuły
=546  \\$aStreszcz. ang.
=600  17$aTokarczuk, Olga$d(1962- )$2DBN
=773  0\$iW:$tActa Universitatis Lodziensis. Folia Litteraria Polonica.$x1505-9057.$gZ. 6 (2003), s. 425-435
=902  \\$a170219$c040625$dm$eb$fb$g0
=909  \\$ab0000032628377
=915  \\$aBZCz 2004/20663
=916  \\$aFliszewska, Olga   
=931  \\$a821.162.1(091)(045/046)
=950  \\$uhttps://eu.alma.exlibrisgroup.com/view/uresolver/48OMNIS_NETWORK/openurl?u.ignore_date_coverage=true&portfolio_pid=53657479730005066&Force_direct=true$zZobacz w Polonie$853657479730005066
=980  \\$aArtykuły
=996  \\$a.b32628377$9local$z48OMNIS_NLOP
=998  \\$ao$av$9local$z48OMNIS_NLOP
=999  \\$abzcz$bMW$bko$bbw$bkonw. 25/10/10(19611)$x05$y2004$amerk
  
