=LDR  01711naa a2200445 i 4500
=001  b0000003263207
=005  20221014143614.2
=008  070620s2006    pl           |000 0 pol  
=009  9910510277005606
=015  \\$aBZCz 2007/28394
=035  \\$a991031081489705066
=035  \\$a(PL-WaBN)b32632071-48omnis_nlop
=035  \\$ab32632071
=035  \\$a(OCoLC)899931289
=040  \\$aWA N$cWA N
=041  0\$apol$beng
=080  \\$a821.162.1(091)(045/046)
=100  1\$aKierzek, Paulina$d(1979- )
=245  10$aTokarczuk "gra na wielu bębenkach" /$cPaulina Kierzek.
=260  \\$c2006.
=336  \\$aTekst$btxt$2rdacontent
=337  \\$aBez urządzenia pośredniczącego$bn$2rdamedia
=338  \\$aWolumin$bnc$2rdacarrier
=380  \\$aArtykuły
=510  4\$aPB$c1750/2002.
=520  8\$aZawiera rec. książki: Gra na wielu bębenkach  : 19 opowiadań / Olga Tokarczuk. - Wałbrzych, 2001.
=600  17$aTokarczuk, Olga$d(1962- ).$tGra na wielu bębenkach$2DBN
=655  \7$aRecenzja literacka$2DBN
=773  0\$iW:$tActa Universitatis Lodziensis. Folia Litteraria Polonica.$x1505-9057.$g[Z.] 8 (2006), s. 449-452
=909  \\$ab0000032632071
=915  \\$aBZCz 2007/28394
=916  \\$aKierzek, Paulina   (1979- )
=931  \\$a821.162.1(091)(045/046)
=950  \\$uhttps://eu05.alma.exlibrisgroup.com/view/uresolver/48OMNIS_NETWORK/openurl?u.ignore_date_coverage=true&portfolio_pid=53654602530005066&Force_direct=true$zZobacz w Polonie$853654602530005066
=955  \7$aRecenzja literacka$2DBN
=980  \\$aArtykuły
=996  \\$a.b32632071$9local$z48OMNIS_NLOP
=998  \\$ao$av$9local$z48OMNIS_NLOP
=999  \\$abzcz$bjv$bgj$bbw$x07-08$y2007$amerk
  
