=LDR  01596naa a2200433 i 4500
=001  b0000003263324
=005  20221015175035.5
=008  060901s2005    pl           |000 0 pol  
=009  9910456850905606
=015  \\$aBZCz 2006/40052
=035  \\$a991031086049705066
=035  \\$a(PL-WaBN)b32633245-48omnis_nlop
=035  \\$ab32633245
=035  \\$a(OCoLC)899931563
=040  \\$aWA N$cWA N
=041  0\$apol$beng
=080  \\$a821.162.1(091)(045/046)
=100  1\$aFliszewska, Olga
=245  10$aPrzestrzeń w twórczości Olgi Tokarczuk /$cOlga Fliszewska.
=260  \\$c2005.
=336  \\$aTekst$btxt$2rdacontent
=337  \\$aBez urządzenia pośredniczącego$bn$2rdamedia
=338  \\$aWolumin$bnc$2rdacarrier
=380  \\$aArtykuły
=546  \\$aStreszcz. ang.
=600  17$aTokarczuk, Olga$d(1962- )$2DBN
=655  \7$aPowieść polska$xhistoria$yod 1944 r.$2DBN
=773  0\$iW:$tActa Universitatis Lodziensis. Folia Litteraria Polonica.$x1505-9057.$g[Z.] 7 t. 1 (2005), s. 515-532
=909  \\$ab0000032633245
=915  \\$aBZCz 2006/40052
=916  \\$aFliszewska, Olga   
=931  \\$a821.162.1(091)(045/046)
=950  \\$uhttps://eu05.alma.exlibrisgroup.com/view/uresolver/48OMNIS_NETWORK/openurl?u.ignore_date_coverage=true&portfolio_pid=53653046170005066&Force_direct=true$zZobacz w Polonie$853653046170005066
=955  \7$aPowieść polska$xhistoria$yod 1944 r.$2DBN
=980  \\$aArtykuły
=996  \\$a.b32633245$9local$z48OMNIS_NLOP
=998  \\$ao$av$9local$z48OMNIS_NLOP
=999  \\$abzcz$bJR$bew$bbw$x10$y2006$amerk
  
