=LDR  01643naa a2200445 i 4500
=001  b0000003263561
=005  20221014143443.3
=008  091115s2008    pl           |000 0 pol  
=009  9910083411705606
=015  \\$aBZCz 2010/2782
=035  \\$a991031095569705066
=035  \\$a(PL-WaBN)b32635618-48omnis_nlop
=035  \\$ab32635618
=035  \\$a(OCoLC)899932037
=040  \\$aWA N$cWA N
=041  0\$apol$beng
=080  \\$a821.162.1(091)(045/046)
=100  1\$aWilczyńska, Olga
=245  10$aMetafizyka śmierci w prozie Olgi Tokarczuk /$cOlga Wilczyńska.
=260  \\$c2008.
=336  \\$aTekst$btxt$2rdacontent
=337  \\$aBez urządzenia pośredniczącego$bn$2rdamedia
=338  \\$aWolumin$bnc$2rdacarrier
=380  \\$aArtykuły
=546  \\$aStreszcz. ang.
=600  17$aTokarczuk, Olga$d(1962- )$2DBN
=650  \7$aŚmierć$xw literaturze polskiej.$2DBN
=655  \7$aProza polska$xtematyka$yod 1989 r.$2DBN
=773  0\$iW:$tActa Universitatis Lodziensis. Folia Litteraria Polonica.$x1505-9057.$g[Z.] 11 (2008), s. 183-206
=909  \\$ab0000032635618
=915  \\$aBZCz 2010/2782
=916  \\$aWilczyńska, Olga   
=931  \\$a821.162.1(091)(045/046)
=950  \\$uhttps://eu05.alma.exlibrisgroup.com/view/uresolver/48OMNIS_NETWORK/openurl?u.ignore_date_coverage=true&portfolio_pid=53652219170005066&Force_direct=true$zZobacz w Polonie$853652219170005066
=955  \7$aProza polska$xtematyka$yod 1989 r.$2DBN
=980  \\$aArtykuły
=996  \\$a.b32635618$9local$z48OMNIS_NLOP
=998  \\$ao$av$9local$z48OMNIS_NLOP
=999  \\$abzcz$bko$bbw$cjkr$x01$y2010$amerk
  
