=LDR  01913naa a2200421 i 4500
=001  b0000003269016
=005  20221015174855.0
=008  141118s2014    pl           |000 0 pol  
=009  9910309280005606
=015  \\$aPrasa 2014/11/18
=035  \\$a991031298419705066
=035  \\$a(PL-WaBN)b32690162-48omnis_nlop
=035  \\$ab32690162
=035  \\$a(OCoLC)1008649999
=040  \\$aWA M$cWA M
=100  1\$aHorubała, Andrzej$d(1962- )
=245  10$aTokarczuk powraca /$cAndrzej Horubała.
=260  \\$c10-16 XI 2014.
=336  \\$aTekst$btxt$2rdacontent
=337  \\$aBez urządzenia pośredniczącego$bn$2rdamedia
=338  \\$aWolumin$bnc$2rdacarrier
=380  \\$aArtykuły
=520  8\$aZawiera rec. książki: Księgi Jakubowe albo Wielka podróż przez siedem granic, pięć języków i trzy duże religie, nie licząc tych małych : opowiadana przez zmarłych, a przez autorkę dopełniona metodą koniektury, z wielu rozmaitych ksiąg zaczerpnięta, a także wspomożona imaginacją, która to jest największym naturalnym darem człowieka / Olga Tokarczuk. - Kraków, 2014.
=600  17$aTokarczuk, Olga$d(1962- ).$tKsięgi Jakubowe albo Wielka podróż przez siedem granic, pięć języków i trzy duże religie, nie licząc tych małych$2DBN
=655  \7$aRecenzja literacka$2DBN
=740  0\$aKsięgi Jakubowe albo Wielka podróż przez siedem granic, pięć języków i trzy duże religie, nie licząc tych małych - recenzja
=773  0\$iW:$tDo Rzeczy : tygodnik Lisickiego.$x2299-8500.$g2014, nr 46, s. 50-52$w(PL)b0000002853238
=909  \\$ab0000032690162
=915  \\$aPrasa 2014/11/18
=916  \\$aHorubała, Andrzej   (1962- )
=955  \7$aRecenzja literacka$2DBN
=980  \\$aArtykuły
=996  \\$a.b32690162
=998  \\$ao
=999  \\$aWA M$bBG
  
