=LDR  01680naa a2200433 i 4500
=001  b0000003286511
=005  20221014143614.2
=008  030221s2002    pl           |000 0 pol  
=009  9910075564405606
=015  \\$aBZCz 2003/3416
=035  \\$a991031945999705066
=035  \\$a(PL-WaBN)b32865119-48omnis_nlop
=035  \\$ab32865119
=035  \\$a(OCoLC)922235137
=040  \\$aWA N$cWA N
=080  \\$a821.162.1(091)(045/046)
=100  1\$aŚmietana, Urszula
=245  10$a[Gra na wielu bębenkach - recenzja] /$cUrszula Śmietana.
=260  \\$c2002.
=336  \\$aTekst$btxt$2rdacontent
=337  \\$aBez urządzenia pośredniczącego$bn$2rdamedia
=338  \\$aWolumin$bnc$2rdacarrier
=380  \\$aArtykuły
=510  4\$aPB$c1750/2002.
=520  8\$aZawiera rec. książki: Gra na wielu bębenkach  : 19 opowiadań / Olga Tokarczuk. - Wałbrzych, 2001.
=600  17$aTokarczuk, Olga$d(1962- ).$tGra na wielu bębenkach$2DBN
=655  \7$aRecenzja literacka$2DBN
=773  0\$iW:$tCzas Kultury : kultura, literatura, filozofia.$x0867-2148.$g2002, nr 2, s. 103-105
=909  \\$ab0000032865119
=915  \\$aBZCz 2003/3416
=916  \\$aŚmietana, Urszula   
=931  \\$a821.162.1(091)(045/046)
=950  \\$uhttps://eu05.alma.exlibrisgroup.com/view/uresolver/48OMNIS_NETWORK/openurl?u.ignore_date_coverage=true&portfolio_pid=53657482450005066&Force_direct=true$zZobacz w Polonie$853657482450005066
=955  \7$aRecenzja literacka$2DBN
=980  \\$aArtykuły
=996  \\$a.b32865119$9local$z48OMNIS_NLOP
=998  \\$ao$av$9local$z48OMNIS_NLOP
=999  \\$abzcz$bMW$bko$bjkr$bkonw. 25/10/10(51880)$x01$y2003$amerk
  
