=LDR  01451naa a2200457 i 4500
=001  b0000003287142
=005  20221015175118.8
=008  990729s1998    pl           |000 0 pol  
=009  9910305538105606
=015  \\$aBZCz 1999/23537
=035  \\$a991031969829705066
=035  \\$a(PL-WaBN)b32871429-48omnis_nlop
=035  \\$ab32871429
=035  \\$a(OCoLC)998231524
=040  \\$aWA N$cWA N
=084  \\$a20.2.2
=100  1\$aPoczekaj, Robert
=245  10$a[Szafa - recenzja] /$cRobert Poczekaj.
=260  \\$c1998.
=336  \\$aTekst$btxt$2rdacontent
=337  \\$aBez urządzenia pośredniczącego$bn$2rdamedia
=338  \\$aWolumin$bnc$2rdacarrier
=380  \\$aArtykuły
=520  8\$aZawiera rec. książki: Szafa / Olga Tokarczuk. - Lublin, 1997.
=600  17$aTokarczuk, Olga$d(1962- )$2DBN
=630  07$aSzafa$2DBN
=650  \7$aLiteratura polska$2DBN
=655  \7$aRecenzja literacka$2DBN
=658  \\$aLiteraturoznawstwo
=773  0\$iW:$tCzas Kultury : kultura, literatura, filozofia.$x0867-2148.$g1998, nr 3, s. 128-129
=909  \\$ab0000032871429
=915  \\$aBZCz 1999/23537
=916  \\$aPoczekaj, Robert   
=930  07$aSzafa$2DBN
=955  \7$aRecenzja literacka$2DBN
=958  \\$aLiteraturoznawstwo
=980  \\$aArtykuły
=996  \\$a.b32871429$9local$z48OMNIS_NLOP
=998  \\$ao$9local$z48OMNIS_NLOP
=999  \\$abzcz$bjv$bep$bak$bkonw. 25/10/10(262397)$x06$y99
  
