=LDR  01746naa a2200481 i 4500
=001  b0000003287375
=005  20221014143443.3
=008  980526s1997    pl           |000 0 pol  
=009  9910375481705606
=015  \\$aBZCz 1998/17777
=035  \\$a991031978679705066
=035  \\$a(PL-WaBN)b3287375x-48omnis_nlop
=035  \\$ab3287375x
=035  \\$a(OCoLC)998232159
=040  \\$aWA N$cWA N
=084  \\$a21.6.5
=100  1\$aWalczak, Grzegorz
=245  10$a[Prawiek i inne czasy - recenzja] /$cGrzegorz Walczak.
=260  \\$c1997.
=336  \\$aTekst$btxt$2rdacontent
=337  \\$aBez urządzenia pośredniczącego$bn$2rdamedia
=338  \\$aWolumin$bnc$2rdacarrier
=380  \\$aArtykuły
=520  8\$aZawiera rec. przedstawienia: Prawiek i inne czasy / Olga Tokarczuk ; reż. Sebastian Majewski ; T"Wierszalin", Białyst.
=600  17$aMajewski, Sebastian$d(1971- )$2DBN
=610  27$aTeatr Towarzystwa "Wierszalin" (Białystok)$2DBN
=650  \7$aInscenizacja$2DBN
=651  \7$aBiałystok (woj. podlaskie)$xrecenzja$yod 1989 r.$2DBN
=655  \7$aRecenzja teatralna$2DBN
=658  \\$aKultura i sztuka
=773  0\$iW:$tCzas Kultury : kultura, literatura, filozofia.$x0867-2148.$g1997, nr 5/6, s. 139-140
=909  \\$ab000003287375x
=915  \\$aBZCz 1998/17777
=916  \\$aWalczak, Grzegorz   
=951  \7$aBiałystok (woj. podlaskie)$xrecenzja$yod 1989 r.$2DBN
=955  \7$aRecenzja teatralna$2DBN
=958  \\$aKultura i sztuka
=980  \\$aArtykuły
=996  \\$a.b3287375x$9local$z48OMNIS_NLOP
=998  \\$ao$9local$z48OMNIS_NLOP
=999  \\$abzcz$bas$bag$bbw$bkonw. 25/10/10(298567)$x04$y98
  
