=LDR  01362naa a2200397 i 4500
=001  b0000003287523
=005  20221014143443.3
=008  970425s1996    pl           |000 0 pol  
=009  9910086914805606
=015  \\$aBZCz 1997/12666
=035  \\$a991031984169705066
=035  \\$a(PL-WaBN)b3287523x-48omnis_nlop
=035  \\$ab3287523x
=035  \\$a(OCoLC)922236858
=040  \\$aWA N$cWA N
=084  \\$a20.2.2
=100  1\$aZapędowska, Magdalena
=245  10$a[Prawiek i inne czasy - recenzja] /$cMagdalena Zapędowska.
=260  \\$c1996.
=336  \\$aTekst$btxt$2rdacontent
=337  \\$aBez urządzenia pośredniczącego$bn$2rdamedia
=338  \\$aWolumin$bnc$2rdacarrier
=380  \\$aArtykuły
=520  8\$aZawiera rec. książki: Prawiek i inne czasy / Olga Tokarczuk. - Warszawa, 1996.
=600  17$aTokarczuk, Olga$d(1962- ).$tPrawiek i inne czasy$2DBN
=655  \7$aRecenzja literacka$2DBN
=773  0\$iW:$tCzas Kultury : kultura, literatura, filozofia.$x0867-2148.$g1996, nr 4, s. 92-93
=909  \\$ab000003287523x
=915  \\$aBZCz 1997/12666
=916  \\$aZapędowska, Magdalena   
=955  \7$aRecenzja literacka$2DBN
=980  \\$aArtykuły
=996  \\$a.b3287523x$9local$z48OMNIS_NLOP
=998  \\$ao$av$9local$z48OMNIS_NLOP
=999  \\$abzcz$bJR$bag$bbw$bkonw. 25/10/10(337560)$x03$y97
  
