=LDR  01634naa a2200433 i 4500
=001  b0000003288452
=005  20211030064404.3
=008  050314s2005    pl           |000 0 pol  
=009  9910094753005606
=015  \\$aBZCz 2005/33965
=035  \\$a991032018829705066
=035  \\$a(PL-WaBN)b32884527-48omnis_nlop
=035  \\$ab32884527
=035  \\$a(OCoLC)922238485
=040  \\$aWA N$cWA N
=080  \\$a821.162.1(091)(045/046)
=100  1\$aLarek, Michał$d(1978- )
=245  10$aKobiece historie /$cMichał Larek.
=260  \\$c2005.
=336  \\$aTekst$btxt$2rdacontent
=337  \\$aBez urządzenia pośredniczącego$bn$2rdamedia
=338  \\$aWolumin$bnc$2rdacarrier
=380  \\$aArtykuły
=520  8\$aZawiera rec. książki: Ostatnie historie / Olga Tokarczuk. - Kraków, 2004.
=600  17$aTokarczuk, Olga$d(1962- ).$tOstatnie historie$2DBN
=655  \7$aRecenzja literacka$2DBN
=773  0\$iW:$tCzas Kultury : kultura, literatura, filozofia.$x0867-2148.$gR. 20[21], nr 1 (2005), s. 123-125
=902  \\$a170219$c050314$dm$eb$fb$g0
=909  \\$ab0000032884527
=915  \\$aBZCz 2005/33965
=916  \\$aLarek, Michał   (1978- )
=931  \\$a821.162.1(091)(045/046)
=950  \\$uhttps://eu.alma.exlibrisgroup.com/view/uresolver/48OMNIS_NETWORK/openurl?u.ignore_date_coverage=true&portfolio_pid=53657422490005066&Force_direct=true$zZobacz w Polonie$853657422490005066
=955  \7$aRecenzja literacka$2DBN
=980  \\$aArtykuły
=996  \\$a.b32884527$9local$z48OMNIS_NLOP
=998  \\$ao$av$9local$z48OMNIS_NLOP
=999  \\$abzcz$bjv$bag$bak$x10$y2005$amerk
  
