=LDR  01576naa a2200421 i 4500
=001  b0000003288883
=005  20221014143443.3
=008  091215s2008    pl           |000 0 pol  
=009  9910523093705606
=015  \\$aBZCz 2009/43516
=035  \\$a991032035499705066
=035  \\$a(PL-WaBN)b32888831-48omnis_nlop
=035  \\$ab32888831
=035  \\$a(OCoLC)922239430
=040  \\$aWA N$cWA N
=080  \\$a821.162.1(091)(045/046)
=100  1\$aLarek, Michał$d(1978- )
=245  10$aLiteratura i nowe media /$cMichał Larek.
=260  \\$c2008.
=336  \\$aTekst$btxt$2rdacontent
=337  \\$aBez urządzenia pośredniczącego$bn$2rdamedia
=338  \\$aWolumin$bnc$2rdacarrier
=380  \\$aArtykuły
=520  8\$aZawiera rec. książki: Bieguni / Olga Tokarczuk. - Kraków, 2007.
=600  17$aTokarczuk, Olga$d(1962- ).$tBieguni$2DBN
=655  \7$aRecenzja literacka$2DBN
=773  0\$iW:$tCzas Kultury : kultura, literatura, filozofia.$x0867-2148.$gR. 24, nr 6 (2008), s. 198-200
=909  \\$ab0000032888831
=915  \\$aBZCz 2009/43516
=916  \\$aLarek, Michał   (1978- )
=931  \\$a821.162.1(091)(045/046)
=950  \\$uhttps://eu05.alma.exlibrisgroup.com/view/uresolver/48OMNIS_NETWORK/openurl?u.ignore_date_coverage=true&portfolio_pid=53656853040005066&Force_direct=true$zZobacz w Polonie$853656853040005066
=955  \7$aRecenzja literacka$2DBN
=980  \\$aArtykuły
=996  \\$a.b32888831$9local$z48OMNIS_NLOP
=998  \\$ao$av$9local$z48OMNIS_NLOP
=999  \\$abzcz$bjv$brw$cmb$x12$y2009$amerk
  
