=LDR  01981naa a2200529 i 4500
=001  b0000003289256
=005  20221014143614.2
=008  110906s2010    pl           |000 0 pol  
=009  9910050440405606
=015  \\$aBZCz 2011/29204
=035  \\$a991032076439705066
=035  \\$a(PL-WaBN)b32892561-48omnis_nlop
=035  \\$ab32892561
=035  \\$a(OCoLC)922240443
=040  \\$aWA N$cWA N
=080  \\$a792(045/046)
=100  1\$aSadowska, Emilia$d(1971- )
=245  10$aNa kontrze /$cEmilia Sadowska ; rozm. przepr. Maria Delimata.
=260  \\$c2010.
=336  \\$aTekst$btxt$2rdacontent
=337  \\$aBez urządzenia pośredniczącego$bn$2rdamedia
=338  \\$aWolumin$bnc$2rdacarrier
=380  \\$aArtykuły
=600  17$aSadowska, Emilia$d(1971- )$2DBN
=610  27$aTeatr Polski (Poznań)$2DBN
=648  \7$a2001-$2DBN
=650  \7$aInscenizacja$2DBN
=651  \7$aPoznań (woj. wielkopolskie)$xteatr$y21 w.$2DBN
=655  \7$aWywiad dziennikarski$2DBN
=658  \\$aKultura i sztuka
=700  1\$aDelimata, Maria$d(1988- )$eRozm. przepr.
=773  0\$iW:$tCzas Kultury : kultura, literatura, filozofia.$x0867-2148.$gR. 26, [nr] 4 (2010), s. 78-82
=909  \\$ab0000032892561
=915  \\$aBZCz 2011/29204
=916  \\$aSadowska, Emilia   (1971- )
=918  1\$aDelimata, Maria$d(1988- )
=931  \\$a792(045/046)
=950  \\$uhttps://eu05.alma.exlibrisgroup.com/view/uresolver/48OMNIS_NETWORK/openurl?u.ignore_date_coverage=true&portfolio_pid=53671301380005066&Force_direct=true$zZobacz w Polonie$853671301380005066
=951  \7$aPoznań (woj. wielkopolskie)$xteatr$y21 w.$2DBN
=955  \7$aWywiad dziennikarski$2DBN
=958  \\$aKultura i sztuka
=980  \\$aArtykuły
=996  \\$a.b32892561$9local$z48OMNIS_NLOP
=998  \\$ao$av$9local$z48OMNIS_NLOP
=999  \\$abzcz$bjt$bbw$cdm$x09$y2011$amerk
  
