=LDR  01969naa a2200505 i 4500
=001  b0000003289383
=005  20221015174855.0
=008  120113s2010    pl           |000 0 pol  
=009  9910174799905606
=015  \\$aBZCz 2012/2571
=035  \\$a991032083799705066
=035  \\$a(PL-WaBN)b32893838-48omnis_nlop
=035  \\$ab32893838
=035  \\$a(OCoLC)922240530
=040  \\$aWA N$cWA N
=080  \\$a792(045/046)
=100  1\$aOstrowska, Iwona$d(1985- )
=245  10$aNoir w kostiumie ekologii /$cIwona Ostrowska.
=260  \\$c2010.
=336  \\$aTekst$btxt$2rdacontent
=337  \\$aBez urządzenia pośredniczącego$bn$2rdamedia
=338  \\$aWolumin$bnc$2rdacarrier
=380  \\$aArtykuły
=520  8\$aZawiera rec. przedstawienia: Pomórnik. Kryminał ekologiczny / wg Olgi Tokarczuk ; reż. Emilia Sadowska ; Teatr Polski, Poznań.
=600  17$aSadowska, Emilia$d(1971- )$2DBN
=610  27$aTeatr Polski (Poznań)$2DBN
=650  \7$aInscenizacja$2DBN
=651  \7$aPoznań (woj. wielkopolskie)$xteatr.$2DBN
=655  \7$aRecenzja teatralna$2DBN
=658  \\$aKultura i sztuka
=773  0\$iW:$tCzas Kultury : kultura, literatura, filozofia.$x0867-2148.$gR. 26, [nr] 6 (2010), s. 98-100
=909  \\$ab0000032893838
=915  \\$aBZCz 2012/2571
=916  \\$aOstrowska, Iwona   (1985- )
=931  \\$a792(045/046)
=950  \\$uhttps://eu05.alma.exlibrisgroup.com/view/uresolver/48OMNIS_NETWORK/openurl?u.ignore_date_coverage=true&portfolio_pid=53668352590005066&Force_direct=true$zZobacz w Polonie$853668352590005066
=951  \7$aPoznań (woj. wielkopolskie)$xteatr.$2DBN
=955  \7$aRecenzja teatralna$2DBN
=958  \\$aKultura i sztuka
=980  \\$aArtykuły
=996  \\$a.b32893838$9local$z48OMNIS_NLOP
=998  \\$ao$av$9local$z48OMNIS_NLOP
=999  \\$abzcz$bjt$baw$caw$x01$y2012$amerk
  
