=LDR  02271naa a2200577 i 4500
=001  b0000003294992
=005  20220922135514.8
=008  141128s2013    pl           |000 0 pol  
=009  9910362040705606
=015  \\$aBZCz 2014/51132
=035  \\$a991032340369705066
=035  \\$a(PL-WaBN)b32949923-48omnis_nlop
=035  \\$ab32949923
=035  \\$a(OCoLC)922248731
=040  \\$aWA N$cWA N
=080  \\$a792(045/046)
=100  1\$aTokarczuk, Olga$d(1962- )
=245  10$aNarracja o zemście /$cOlga Tokarczuk, Igor Stokfiszewski ; rozm. przepr. Tatiana Drzycimska.
=260  \\$c2013.
=336  \\$aTekst$btxt$2rdacontent
=337  \\$aBez urządzenia pośredniczącego$bn$2rdamedia
=338  \\$aWolumin$bnc$2rdacarrier
=380  \\$aArtykuły
=500  \\$aRozmowa odbyła się we Wrocławskim Teatrze Współczesnym w 2013 r. w ramach cyklu "Strefy kontaktu".
=600  17$aOlsten, Agnieszka$d(1977- ).$tKotlina$2DBN
=600  17$aStokfiszewski, Igor$d(1979- ).$tKotlina$2DBN
=610  27$aWrocławski Teatr Współczesny im. Marii i Edmunda Wiercińskich$2DBN
=648  \7$a2001-$2DBN
=650  \7$aPisarze polscy$yod 1989 r.$2DBN
=651  \7$aWrocław (woj. dolnośląskie)$xteatr$y21 w.$2DBN
=700  \\$aStokfiszewski, Igor$d(1979- )
=773  0\$iW:$tDidaskalia : gazeta teatralna.$x1233-0477.$gNr 114 (2013), s. 18-21
=902  \\$a170219$c141128$dm$eb$fb$g0
=909  \\$ab0000032949923
=915  \\$aBZCz 2014/51132
=916  \\$aTokarczuk, Olga   (1962- )
=918  \\$aStokfiszewski, Igor$d(1979- )
=931  \\$a792(045/046)
=950  \\$uhttps://eu05.alma.exlibrisgroup.com/view/uresolver/48OMNIS_NETWORK/openurl?u.ignore_date_coverage=true&portfolio_pid=53664135770005066&Force_direct=true$zZobacz w Polonie$853664135770005066
=951  \7$aWrocław (woj. dolnośląskie)$xteatr$y21 w.$2DBN
=980  \\$aArtykuły
=996  \\$a.b32949923$9local$z48OMNIS_NLOP
=998  \\$ao$av$9local$z48OMNIS_NLOP
=999  \\$azzmer$bkw$x11$y2014
  
