=LDR  05480nam a2201141 i 4500
=001  b0000003299511
=005  20230204150656.8
=006  g---       |    vl
=008  141202s2011    pl a         |000 0 pol  
=009  9910403636305606
=015  \\$aUWD 2015/7617
=020  \\$a9788387870423
=035  \\$a991032529939705066
=035  \\$a(PL-WaBN)b32995118-48omnis_nlop
=035  \\$ab32995118
=035  \\$a(OCoLC)899816052
=035  \\$axx002416628
=040  \\$aWA N$cWA N
=080  \\$a791(438)
=080  \\$a821.162.1(091)-3"20"
=080  \\$a821.162.1-2
=084  \\$a03
=100  1\$aBrylski, Ryszard$d(1950- )
=245  10$aŻurek :$bmiędzy wierszami czyli adaptacja nietypowa /$cRyszard Brylski.
=246  30$aMiędzy wierszami czyli adaptacja nietypowa
=260  \\$aŁódź :$bWydawnictwo Biblioteki Państwowej Wyższej Szkoły Filmowej, Telewizyjnej i Teatralnej,$c2011.
=300  \\$a204, [1] s. :$bil., err. ;$c21 cm +$e1 dysk optyczny (DVD).
=336  \\$aTekst$btxt$2rdacontent
=337  \\$aBez urządzenia pośredniczącego$bn$2rdamedia
=338  \\$aWolumin$bnc$2rdacarrier
=380  \\$aKsiążki
=490  1\$aWarsztat Realizatora Fimowego i Telewizyjnego ;$vz. 19
=505  20$tŻurek : opowiadanie wigilijne /$rOlga Tokarczuk.$tŻurek : scenariusz filmowy na motywach opowiadania Olgi Tokarczuk /$rRyszard Brylski.
=536  \\$aWspółfinansowanie: Fundacja Łódzkiej Szkoły Filmowej Film S ; Towarzystwo Budownictwa Społecznego w Zgierzu
=600  17$aTokarczuk, Olga$d(1962- ).$tŻurek$2DBN
=630  07$aŻurek (film)$2DBN
=648  \7$a2001-$2DBN
=655  \7$aFilm polski$xhistoria$y21 w.$2DBN
=655  \7$aOpowiadanie polskie$xhistoria$y21 w.$2DBN
=655  \7$aOpowiadanie polskie$y21 w.$2DBN
=700  12$aBrylski, Ryszard$d(1950- ).$tŻurek
=710  2\$aWydawnictwo Biblioteki Państwowej Wyższej Szkoły Filmowej, Telewizyjnej i Teatralnej$4pbl
=830  \0$aWarsztat Realizatora Filmowego i Telewizyjnego$vz. 19
=852  \\$822519249870005066$j1$hFon.DVD.56.363 A$bBN_PL$p777i46339310$cbnag_a
=852  \\$822519249890005066$j1$hFon.DVD.56.364$bBN_PL$p777i46339243$cbnag
=852  \\$822519249980005066$j1$h1.648.653$bBN_PL$p30001019013792$cbk6
=852  \\$822519249910005066$j1$h2.837.360 A$bBN_PL$p30001019013808$cbk1
=852  \\$822183868400006831$j1$h612787 II$bBuKul$p1000562760$cBG_Magazyn
=852  \\$822183868380006831$j1$h11625 B$bGG06$p1000658275$cFiPol_LitP
=852  \\$822502584220005067$j1$hISA 51748 K.p + CD-ROM$bWZIKS$p1813080876$cWZIKS_K
=852  \\$822502584170005067$j1$hB 534003 II + CD$bBJ$p1001550070$cBJ_MAG
=852  \\$822502584150005067$j1$hA 711003 II + CD$bBJ$p1001550071$cBJ_EGZ_A
=852  \\$822348250640006926$j1$h1130009$bTORU$p300046946084$cMG_bg$znotes: + CD ROM
=909  \\$ab0000032995118
=910  \\$a612787 II$b12/253/17k$9LOCAL$z48OMNIS_KUL
=915  \\$aUWD 2015/7617
=916  \\$aBrylski, Ryszard   (1950- )
=918  12$aBrylski, Ryszard$d(1950- ).
=920  \\$a978-83-87870-42-3
=921  2\$aWydawnictwo Biblioteki Państwowej Wyższej Szkoły Filmowej, Telewizyjnej i Teatralnej
=923  \\$aWydawnictwo Biblioteki Państwowej Wyższej Szkoły Filmowej, Telewizyjnej i Teatralnej
=930  07$aŻurek (film)$2DBN
=931  \\$a791(438)
=931  \\$a821.162.1(091)-3"20"
=931  \\$a821.162.1-2
=935  \\$avtls000570678$9LOCAL$z48OMNIS_KUL
=935  \\$a(KR_U)vtls000930152$9LOCAL$z48OMNIS_UJA
=935  \\$aUM991959$9LOCAL$z48OMNIS_UMKWT
=955  \7$aFilm polski$xhistoria$y21 w.$2DBN
=955  \7$aOpowiadanie polskie$xhistoria$y21 w.$2DBN
=955  \7$aOpowiadanie polskie$y21 w.$2DBN
=960  \\$a1.648.653$cbk6  $d30001019013792$e1.648.653$h2014 e$iZ70,00$j2014.12.08$k1$l-$o1$xNakł.:$9local$z48OMNIS_NLOP
=960  \\$a2.837.360 A$cbk1  $d30001019013808$e2.837.360$h2014 e$iZ70,00$j2015.04.09$k1$l-$o0$xNakł.:$9local$z48OMNIS_NLOP
=960  \\$aFon.DVD.56.363 A$cbnag $eDVD.56.363$h2014 e$iZ10,00$l-$o16$vDVD$9local$z48OMNIS_NLOP
=961  \\$aCALL NO: 1.648.653$h-- ACC NO: 2014 e$j2014.12.08$xNakł.:$9local$z48OMNIS_NLOP
=961  \\$aCALL NO: 2.837.360 A$h-- ACC NO: 2014 e$j2015.04.09$xNakł.:$9local$z48OMNIS_NLOP
=961  \\$aCALL NO: Fon.DVD.56.363 A$h-- ACC NO: 2014 e$9local$z48OMNIS_NLOP
=980  \\$aKsiążki
=996  \\$a.b32995118$9local$z48OMNIS_NLOP
=998  \\$aik$ao$av$9local$z48OMNIS_NLOP
=999  \\$aDBNd$bjka
=999  \\$azk$bmw14$cbp$ctk$x12a$y15$aZZDiA$bbs
=999  \\$aVIRTUA40$9LOCAL$z48OMNIS_UJA
=999  \\$aVTLSSORT0080*0200*0400*1000*2450*2600*3000*4900*5000*6300*6500*7000*8300*9070*9100*9200*9992$9LOCAL$z48OMNIS_UJA
  
