=LDR  02064naa a2200517 i 4500
=001  b0000003314012
=005  20221014143459.1
=008  141208s2013    pl           |000 0 pol  
=009  9910062444205606
=015  \\$aBZCz 2014/57322
=035  \\$a991033113899705066
=035  \\$a(PL-WaBN)b33140121-48omnis_nlop
=035  \\$ab33140121
=035  \\$a(OCoLC)899834885
=040  \\$aWA N$cWA N
=041  0\$apol$beng
=080  \\$a821.162.1(091)(045/046)
=100  1\$aŚwierkosz, Monika$d(1981- )
=245  10$aPrzestrzenie nomadycznych figuracji w prozie Izabeli Filipiak i Olgi Tokarczuk /$cMonika Świerkosz.
=260  \\$c2013.
=336  \\$aTekst$btxt$2rdacontent
=337  \\$aBez urządzenia pośredniczącego$bn$2rdamedia
=338  \\$aWolumin$bnc$2rdacarrier
=380  \\$aArtykuły
=546  \\$aStreszcz. ang.
=600  17$aMorska, Izabela$d(1961- )$2DBN
=648  \7$a1901-2000$2DBN
=650  \7$aKoczownictwo$xw literaturze polskiej$2DBN
=655  \7$aPowieść polska$xtematyka$2DBN
=773  0\$iW:$tBiałostockie Studia Literaturoznawcze : BSL.$x2082-9701.$g[T.] 4 (2013), s. 101-115
=909  \\$ab0000033140121
=915  \\$aBZCz 2014/57322
=916  \\$aŚwierkosz, Monika   (1981- )
=931  \\$a821.162.1(091)(045/046)
=935  \\$aUM2551056$9LOCAL$z48OMNIS_UMKWT
=950  \\$uhttps://eu05.alma.exlibrisgroup.com/view/uresolver/48OMNIS_NETWORK/openurl?u.ignore_date_coverage=true&portfolio_pid=53664444030005066&Force_direct=true$zZobacz w Polonie$853664444030005066
=955  \7$aPowieść polska$xtematyka$2DBN
=980  \\$aArtykuły
=996  \\$a.b33140121$9local$z48OMNIS_NLOP
=998  \\$ao$av$9local$z48OMNIS_NLOP
=999  \\$abzcz$bdu$x12$y2014$amerk
  
