=LDR  01883naa a2200397 i 4500
=001  b0000003326452
=005  20221014143443.3
=008  141212s2014    pl           |000 0 pol  
=009  9910359946705606
=015  \\$aPrasa 2014/12/12
=035  \\$a991033617509705066
=035  \\$a(PL-WaBN)b33264521-48omnis_nlop
=035  \\$ab33264521
=035  \\$a(OCoLC)899855039
=040  \\$aTOR M$cTOR M
=100  1\$aWapińska, Malwina
=245  10$aPragnienie poezji /$cMalwina Wapińska.
=260  \\$c12 XII 2014.
=336  \\$aTekst$btxt$2rdacontent
=337  \\$aBez urządzenia pośredniczącego$bn$2rdamedia
=338  \\$aWolumin$bnc$2rdacarrier
=380  \\$aArtykuły
=520  8\$aZawiera rec. książki: Księgi Jakubowe albo Wielka podróż przez siedem granic, pięć języków i trzy duże religie, nie licząc tych małych : opowiadana przez zmarłych, a przez autorkę dopełniona metodą koniektury, z wielu rozmaitych ksiąg zaczerpnięta, a także wspomożona imaginacją, która to jest największym naturalnym darem człowieka / Olga Tokarczuk. - Kraków, 2014.
=600  17$aTokarczuk, Olga$d(1962- ).$tKsięgi Jakubowe albo Wielka podróż przez siedem granic, pięć języków i trzy duże religie, nie licząc tych małych$2DBN
=655  \7$aRecenzja literacka$2DBN
=740  0\$aKsięgi Jakubowe albo Wielka podróż przez siedem granic, pięć języków i trzy duże religie, nie licząc tych małych - recenzja
=773  0\$iW:$tDziennik Gazeta Prawna : prawo, biznes, polityka.$x2080-6744.$g2014, nr 241, dod. Kultura i Program TV, s. K13$w(PL)b0000002428462
=909  \\$ab0000033264521
=915  \\$aPrasa 2014/12/12
=916  \\$aWapińska, Malwina   
=955  \7$aRecenzja literacka$2DBN
=980  \\$aArtykuły
=996  \\$a.b33264521
=999  \\$aTOR M$bgbar
  
