=LDR  01635naa a2200457 i 4500
=001  b0000003330836
=005  20221015175006.7
=008  141216s2014    pl           |000 0 pol  
=009  9910173556205606
=015  \\$aPrasa 2014/12/16
=035  \\$a991033794619705066
=035  \\$a(PL-WaBN)b33308366-48omnis_nlop
=035  \\$ab33308366
=035  \\$a(OCoLC)899864283
=040  \\$aWR 056$cWR 056
=100  1\$aTokarczuk, Olga$d(1962- )
=245  10$aOlga Tokarczuk: Wrocław staje się metropolią, ale traci ludzki wymiar. Za chwilę obudzimy się w sztucznej przestrzeni /$crozm. przepr. Magda Piekarska.
=260  \\$c9 XII 2014.
=336  \\$aTekst$btxt$2rdacontent
=337  \\$aBez urządzenia pośredniczącego$bn$2rdamedia
=338  \\$aWolumin$bnc$2rdacarrier
=380  \\$aArtykuły
=520  8\$aRozmowa z pisarką o życiu kulturalnym Wrocławia.
=600  17$aTokarczuk, Olga$d(1962- )$2DBN
=648  \7$a2001-$2DBN
=651  \7$aWrocław (woj. dolnośląskie)$xkultura.$2DBN
=655  \7$aWywiad dziennikarski$2DBN
=700  1\$aPiekarska, Magda$c(dziennikarka)
=773  0\$iW:$tGazeta Wyborcza (Wrocław).$g2014, nr 285, s. 4-5$w(PL)b000000381483
=909  \\$ab0000033308366
=915  \\$aPrasa 2014/12/16
=916  \\$aTokarczuk, Olga   (1962- )
=918  1\$aPiekarska, Magda$c(dziennikarka)
=951  \7$aWrocław (woj. dolnośląskie)$xkultura.$2DBN
=955  \7$aWywiad dziennikarski$2DBN
=980  \\$aArtykuły
=996  \\$a.b33308366
=998  \\$ao$av$9local$z48OMNIS_NLOP
=999  \\$aWR 056$bad$cjkr
  
