=LDR  01252naa a2200373 i 4500
=001  b0000003358875
=005  20221015174811.7
=008  090429s2007    pl           |000 0 pol  
=009  9910264700405606
=015  \\$aBZCz 2009/18071
=035  \\$a991034893819705066
=035  \\$a(PL-WaBN)b33588752-48omnis_nlop
=035  \\$ab33588752
=035  \\$a(OCoLC)922473305
=040  \\$aWA N$cWA N
=100  1\$aFijałkowska, Agnieszka
=245  10$aTrzy poziomy oniryzmu w powieści Olgi Tokarczuk "Dom dzienny, dom nocny" /$cAgnieszka Fijałkowska.
=260  \\$c2007.
=336  \\$aTekst$btxt$2rdacontent
=337  \\$aBez urządzenia pośredniczącego$bn$2rdamedia
=338  \\$aWolumin$bnc$2rdacarrier
=380  \\$aArtykuły
=600  17$aTokarczuk, Olga$d(1962- ).$tDom dzienny, dom nocny$2DBN
=650  \7$aPowieść polska$xhistoria$yod 1989 r.$2DBN
=773  0\$iW:$tDyskurs (Szczecin).$x1895-4197.$gZ. 3 (2007), s. 73-90
=909  \\$ab0000033588752
=915  \\$aBZCz 2009/18071
=916  \\$aFijałkowska, Agnieszka   
=980  \\$aArtykuły
=996  \\$a.b33588752$9local$z48OMNIS_NLOP
=998  \\$ao$av$9local$z48OMNIS_NLOP
=999  \\$abzcz$bkm$brw$cbw$x05$y2009$amerk
  
