=LDR  01258naa a2200385 i 4500
=001  b0000003393353
=005  20221015175118.8
=008  010627s2000    pl           |000 0 pol  
=009  9910383925305606
=015  \\$aBZCz 2001/23932
=035  \\$a991036270069705066
=035  \\$a(PL-WaBN)b33933534-48omnis_nlop
=035  \\$ab33933534
=035  \\$a(OCoLC)922170771
=040  \\$aWA N$cWA N
=084  \\$a20.2.1$a20.2.1
=100  1\$aKowalska, Justyna$d(1978- )
=245  10$a"Prawiek" i "Widnokrąg": apetyt na mit :$bfragm. pracy /$cJustyna Kowalska.
=260  \\$c2000.
=336  \\$aTekst$btxt$2rdacontent
=337  \\$aBez urządzenia pośredniczącego$bn$2rdamedia
=338  \\$aWolumin$bnc$2rdacarrier
=380  \\$aArtykuły
=600  17$aMyśliwski, Wiesław$d(1932- )$2DBN
=773  0\$iW:$tDialog (Warszawa ; 1956).$x0012-2041.$g2000, nr 10, s. 96-117
=909  \\$ab0000033933534
=915  \\$aBZCz 2001/23932
=916  \\$aKowalska, Justyna   (1978- )
=980  \\$aArtykuły
=996  \\$a.b33933534$9local$z48OMNIS_NLOP
=998  \\$ao$av$9local$z48OMNIS_NLOP
=999  \\$abzcz$bhg$bag$bjkr$bkonw. 25/10/10(170327)$x05$y2001
  
