=LDR  01452naa a2200385 i 4500
=001  b0000003418082
=005  20221014143558.4
=008  061215s2005    pl           |000 0 pol  
=009  9910082146105606
=015  \\$aBZCz 2007/2600
=035  \\$a991037266529705066
=035  \\$a(PL-WaBN)b34180825-48omnis_nlop
=035  \\$ab34180825
=035  \\$a(OCoLC)922225199
=040  \\$aWA N$cWA N
=100  1\$aWójs, Renata
=245  10$aNiemcy, starość, śmierć :$bmityzacja przestrzeni dolnośląskiej w prozie Olgi Tokarczuk /$cRenata Wójs.
=260  \\$c2005.
=336  \\$aTekst$btxt$2rdacontent
=337  \\$aBez urządzenia pośredniczącego$bn$2rdamedia
=338  \\$aWolumin$bnc$2rdacarrier
=380  \\$aArtykuły
=600  17$aTokarczuk, Olga$d(1962- )$2DBN
=650  \7$aProza polska$xhistoria$yod 1989 r.$2DBN
=773  0\$iW:$tOrbis Linguarum : legnickie rozprawy filologiczne.$x1426-7241.$gVol. 29 (2005), s. 287-296
=909  \\$ab0000034180825
=915  \\$aBZCz 2007/2600
=916  \\$aWójs, Renata   
=950  \\$uhttps://eu05.alma.exlibrisgroup.com/view/uresolver/48OMNIS_NETWORK/openurl?u.ignore_date_coverage=true&portfolio_pid=53655612660005066&Force_direct=true$zZobacz w Polonie$853655612660005066
=980  \\$aArtykuły
=996  \\$a.b34180825$9local$z48OMNIS_NLOP
=998  \\$ao$av$9local$z48OMNIS_NLOP
=999  \\$abzcz$bjt$bew$bak$x01$y2007$amerk
  
