=LDR  01614naa a2200421 i 4500
=001  b0000003418083
=005  20211030064346.2
=008  061215s2005    pl           |000 0 pol  
=009  9910095921105606
=015  \\$aBZCz 2007/2604
=035  \\$a991037266559705066
=035  \\$a(PL-WaBN)b34180837-48omnis_nlop
=035  \\$ab34180837
=035  \\$a(OCoLC)922225200
=040  \\$aWA N$cWA N
=100  1\$aTokarczuk, Olga$d(1962- )
=245  10$a"Moja książka jest celebracją śmierci" /$cOlga Tokarczuk ; rozm. przepr. Anna Wojciechowska.
=260  \\$c2005.
=336  \\$aTekst$btxt$2rdacontent
=337  \\$aBez urządzenia pośredniczącego$bn$2rdamedia
=338  \\$aWolumin$bnc$2rdacarrier
=380  \\$aArtykuły
=600  17$aTokarczuk, Olga$d(1962- ).$tOstatnie historie$2DBN
=650  \7$aPowieść polska$xhistoria$y21 w.$2DBN
=700  1\$aWojciechowska, Anna$eRozm. przepr.
=773  0\$iW:$tOrbis Linguarum : legnickie rozprawy filologiczne.$x1426-7241.$gVol. 29 (2005), s. 297-301
=902  \\$a170219$c061215$dm$eb$fb$g0
=909  \\$ab0000034180837
=915  \\$aBZCz 2007/2604
=916  \\$aTokarczuk, Olga   (1962- )
=918  1\$aWojciechowska, Anna
=950  \\$uhttps://eu.alma.exlibrisgroup.com/view/uresolver/48OMNIS_NETWORK/openurl?u.ignore_date_coverage=true&portfolio_pid=53655614430005066&Force_direct=true$zZobacz w Polonie$853655614430005066
=980  \\$aArtykuły
=996  \\$a.b34180837$9local$z48OMNIS_NLOP
=998  \\$ao$av$9local$z48OMNIS_NLOP
=999  \\$abzcz$bjt$bew$bak$bdaty$x01$y2007$amerk
  
