=LDR  01703naa a2200409 i 4500
=001  b0000003418473
=005  20221014143542.6
=008  061013s2005    pl           |100 0 fre  
=009  9910373798705606
=015  \\$aBZCz 2006/46549
=035  \\$a991037281929705066
=035  \\$a(PL-WaBN)b34184739-48omnis_nlop
=035  \\$ab34184739
=035  \\$a(OCoLC)922226366
=040  \\$aWA N$cWA N
=100  1\$aLaurent, Maryla$d(1953- )
=245  10$aDe la "Clef" de Tadeusz Konwicki à la "Maison" d'Olga Tokarczuk ou la nécessaire mais difficile transgression des interdits /$cMaryla Laurent.
=260  \\$c2005.
=336  \\$aTekst$btxt$2rdacontent
=337  \\$aBez urządzenia pośredniczącego$bn$2rdamedia
=338  \\$aWolumin$bnc$2rdacarrier
=380  \\$aArtykuły
=520  8\$aMateriały z konferencji "Granice i transgresje we współczesnej literaturze polskiej, niemieckiej i francuskiej", Wrocław.
=600  17$aKonwicki, Tadeusz$d(1926-2015)$2DBN
=650  \7$aLiteratura polska$xhistoria$y20 w.$2DBN
=773  0\$iW:$tOrbis Linguarum : legnickie rozprawy filologiczne.$x1426-7241.$gVol. 28 (2005), s. 33-41
=909  \\$ab0000034184739
=915  \\$aBZCz 2006/46549
=916  \\$aLaurent, Maryla   (1953- )
=950  \\$uhttps://eu05.alma.exlibrisgroup.com/view/uresolver/48OMNIS_NETWORK/openurl?u.ignore_date_coverage=true&portfolio_pid=53659679020005066&Force_direct=true$zZobacz w Polonie$853659679020005066
=980  \\$aArtykuły
=996  \\$a.b34184739$9local$z48OMNIS_NLOP
=998  \\$ao$av$9local$z48OMNIS_NLOP
=999  \\$abzcz$bjt$bew$bak$x12$y2006$amerk
  
