=LDR  01338naa a2200397 i 4500
=001  b0000003418939
=005  20221015174909.2
=008  081029s2007    pl           |000 0 pol  
=009  9910369922705606
=015  \\$aBZCz 2008/43018
=035  \\$a991037300529705066
=035  \\$a(PL-WaBN)b34189397-48omnis_nlop
=035  \\$ab34189397
=035  \\$a(OCoLC)922227807
=040  \\$aWA N$cWA N
=100  1\$aAdamowicz, Daria
=245  10$a"Stwarzanie światów! Nie ma nic prostszego!" /$cDaria Adamowicz.
=260  \\$c2007.
=336  \\$aTekst$btxt$2rdacontent
=337  \\$aBez urządzenia pośredniczącego$bn$2rdamedia
=338  \\$aWolumin$bnc$2rdacarrier
=380  \\$aArtykuły
=504  \\$aBibliogr.
=600  17$aMyśliwski, Wiesław$d(1932- ).$tKamień na kamieniu$2DBN
=650  \7$aPowieść polska$xhistoria$yod 1944 r.$2DBN
=773  0\$iW:$tOrbis Linguarum : legnickie rozprawy filologiczne.$x1426-7241.$gVol. 31 (2007), s. 465-470
=909  \\$ab0000034189397
=915  \\$aBZCz 2008/43018
=916  \\$aAdamowicz, Daria   
=980  \\$aArtykuły
=996  \\$a.b34189397$9local$z48OMNIS_NLOP
=998  \\$ao$av$9local$z48OMNIS_NLOP
=999  \\$abzcz$bjt$bew$bmb$x11$y2008$amerk
  
