=LDR  01541naa a2200409 i 4500
=001  b0000003438919
=005  20221012125626.1
=008  090313s2008    pl           |000 0 pol  
=009  9910508725405606
=015  \\$aBZCz 2009/12320
=035  \\$a991038102589705066
=035  \\$a(PL-WaBN)b34389192-48omnis_nlop
=035  \\$ab34389192
=035  \\$a(OCoLC)922373104
=040  \\$aWA N$cWA N
=100  1\$aJuziuk, Agata
=245  10$a"Ostatnie historie" - "śmierć i tekst" /$cAgata Juziuk.
=260  \\$c2008.
=336  \\$aTekst$btxt$2rdacontent
=337  \\$aBez urządzenia pośredniczącego$bn$2rdamedia
=338  \\$aWolumin$bnc$2rdacarrier
=380  \\$aArtykuły
=600  17$aTokarczuk, Olga$d(1962- ).$tOstatnie historie$2DBN
=650  \7$aPowieść polska$xtematyka$y21 w.$2DBN
=773  0\$iW:$tKwartalnik Opolski : organ Opolskiego Towarzystwa Przyjaciół Nauk.$x0023-592X.$gR. 54, nr 1 (2008), s. 107-116
=902  \\$a170219$c090313$dm$eb$fb$g0
=909  \\$ab0000034389192
=915  \\$aBZCz 2009/12320
=916  \\$aJuziuk, Agata   
=950  \\$uhttps://eu05.alma.exlibrisgroup.com/view/uresolver/48OMNIS_NETWORK/openurl?u.ignore_date_coverage=true&portfolio_pid=53652683100005066&Force_direct=true$zZobacz w Polonie$853652683100005066
=980  \\$aArtykuły
=996  \\$a.b34389192$9local$z48OMNIS_NLOP
=998  \\$ao$av$9local$z48OMNIS_NLOP
=999  \\$abzcz$bkm$bbw$cdm$x03$y2009$amerk
  
