=LDR  01939naa a2200433 i 4500
=001  b0000003477277
=005  20221015174840.4
=008  150116s2014    pl           |000 0 pol  
=009  9910263054205606
=015  \\$aBZCz 2015/12883
=035  \\$a991039603339705066
=035  \\$a(PL-WaBN)b34772777-48omnis_nlop
=035  \\$ab34772777
=035  \\$a(OCoLC)909573023
=040  \\$aWA N$cWA N
=080  \\$a821.162.1(091)(045/046)
=100  1\$aSosnowski, Jerzy$d(1962- )
=245  10$aKsięga totalna /$cJerzy Sosnowski.
=260  \\$c2014.
=336  \\$aTekst$btxt$2rdacontent
=337  \\$aBez urządzenia pośredniczącego$bn$2rdamedia
=338  \\$aWolumin$bnc$2rdacarrier
=380  \\$aArtykuły
=520  8\$aZawiera rec. książki: Księgi Jakubowe albo Wielka podróż przez siedem granic, pięć języków i trzy duże religie, nie licząc tych małych : opowiadana przez zmarłych, a przez autorkę dopełniona metodą koniektury, z wielu rozmaitych ksiąg zaczerpnięta, a także wspomożona imaginacją, która to jest największym naturalnym darem człowieka / Olga Tokarczuk. - Kraków, 2014.
=600  17$aTokarczuk, Olga$d(1962- ).$tKsięgi Jakubowe albo Wielka podróż przez siedem granic, pięć języków i trzy duże religie, nie licząc tych małych$2DBN
=655  \7$aRecenzja literacka$2DBN
=740  0\$aKsięgi Jakubowe albo Wielka podróż przez siedem granic, pięć języków i trzy duże religie, nie licząc tych małych - recenzja
=773  0\$iW:$tWięź.$x0511-9405.$gR. 57, nr 4 (2014), s. 216-222
=909  \\$ab0000034772777
=915  \\$aBZCz 2015/12883
=916  \\$aSosnowski, Jerzy   (1962- )
=931  \\$a821.162.1(091)(045/046)
=955  \7$aRecenzja literacka$2DBN
=980  \\$aArtykuły
=996  \\$a.b34772777$9local$z48OMNIS_NLOP
=998  \\$ao$av$9local$z48OMNIS_NLOP
=999  \\$abzcz$bmw$cmw$x02$y2015
  
