=LDR  01653naa a2200433 i 4500
=001  b0000003483911
=005  20221015174826.1
=008  111111s2009    pl           |000 0 pol  
=009  9910228631805606
=015  \\$aBZCz 2009/53403
=035  \\$a991039850919705066
=035  \\$a(PL-WaBN)b34839112-48omnis_nlop
=035  \\$ab34839112
=035  \\$a(OCoLC)922432941
=040  \\$aWA N$cWA N
=041  0\$apol$beng
=100  1\$aCisowska, Beata
=245  10$aMagiczny realizm Prawieku /$cBeata Cisowska.
=260  \\$c2009.
=336  \\$aTekst$btxt$2rdacontent
=337  \\$aBez urządzenia pośredniczącego$bn$2rdamedia
=338  \\$aWolumin$bnc$2rdacarrier
=380  \\$aArtykuły
=546  \\$aStreszcz. ang.
=600  17$aTokarczuk, Olga$d(1962- ).$tPrawiek i inne czasy$2DBN
=650  \7$aRealizm magiczny$xliteratura polska$2DBN
=655  \7$aOpowiadanie polskie$xtematyka$yod 1989 r.$2DBN
=773  0\$iW:$tPrace Naukowe Akademii im. Jana Długosza w Częstochowie. Filologia Polska. Historia i Teoria Literatury.$x1896-7884.$gZ. 11 (2009), s. 7-26
=909  \\$ab0000034839112
=915  \\$aBZCz 2009/53403
=916  \\$aCisowska, Beata   
=950  \\$uhttps://eu05.alma.exlibrisgroup.com/view/uresolver/48OMNIS_NETWORK/openurl?u.ignore_date_coverage=true&portfolio_pid=53653622300005066&Force_direct=true$zZobacz w Polonie$853653622300005066
=955  \7$aOpowiadanie polskie$xtematyka$yod 1989 r.$2DBN
=980  \\$aArtykuły
=996  \\$a.b34839112$9local$z48OMNIS_NLOP
=998  \\$ao$av$9local$z48OMNIS_NLOP
=999  \\$abzcz$bzba$bzba$czba$x4a$y2009$amerk
  
