=LDR  01692naa a2200445 i 4500
=001  b0000003528976
=005  20221014143558.4
=008  130802s2011    pl           |000 0 pol  
=009  9910054826405606
=015  \\$aBZCz 2013/08/24830
=035  \\$a991041657979705066
=035  \\$a(PL-WaBN)b35289764-48omnis_nlop
=035  \\$ab35289764
=035  \\$a(OCoLC)998493858
=040  \\$aWA N$cWA N
=041  0\$apol$beng
=080  \\$a821.162.1(091)(045/046)
=100  1\$aCisowska, Beata
=245  10$aKreacjonistyczne obrazy rzeczywistości w prozie Olgi Tokarczuk :$b("Prawiek i inne czasy") /$cBeata Cisowska.
=260  \\$c2011.
=336  \\$aTekst$btxt$2rdacontent
=337  \\$aBez urządzenia pośredniczącego$bn$2rdamedia
=338  \\$aWolumin$bnc$2rdacarrier
=380  \\$aArtykuły
=546  \\$aStreszcz. ang.
=600  17$aTokarczuk, Olga$d(1962- ).$tPrawiek i inne czasy$2DBN
=655  \7$aPowieść polska$xhistoria$yod 1989 r.$2DBN
=773  0\$iW:$tŚwiat i Słowo : filologia, nauki społeczne, filozofia, teologia.$x1731-3317.$g2011, nr 1, s. 83-95
=909  \\$ab0000035289764
=915  \\$aBZCz 2013/08/24830
=916  \\$aCisowska, Beata   
=931  \\$a821.162.1(091)(045/046)
=950  \\$uhttps://eu05.alma.exlibrisgroup.com/view/uresolver/48OMNIS_NETWORK/openurl?u.ignore_date_coverage=true&portfolio_pid=53666065350005066&Force_direct=true$zZobacz w Polonie$853666065350005066
=955  \7$aPowieść polska$xhistoria$yod 1989 r.$2DBN
=980  \\$aArtykuły
=996  \\$a.b35289764$9local$z48OMNIS_NLOP
=998  \\$ao$9local$z48OMNIS_NLOP
=999  \\$abzcz$bpg$cbw$x08$y2013$amerk
  
