=LDR  02214naa a2200541 i 4500
=001  b0000003528979
=005  20221015175133.2
=008  130802s2011    pl           |000 0 pol  
=009  9910172234005606
=015  \\$aBZCz 2013/08/24846
=035  \\$a991041658069705066
=035  \\$a(PL-WaBN)b3528979x-48omnis_nlop
=035  \\$ab3528979x
=035  \\$a(OCoLC)998493686
=040  \\$aWA N$cWA N
=041  0\$apol$beng
=080  \\$a75(045/046)
=100  1\$aGrigorova, Margreta$d(1964- )
=245  10$aLegenda - obraz - apokryf :$bprzesłania Paola Ucella w utworach Gustawa Herlinga-Grudzińskiego i Olgi Tokarczuk /$cMargreta Grigorova.
=260  \\$c2011.
=336  \\$aTekst$btxt$2rdacontent
=337  \\$aBez urządzenia pośredniczącego$bn$2rdamedia
=338  \\$aWolumin$bnc$2rdacarrier
=380  \\$aArtykuły
=546  \\$aStreszcz. ang.
=600  17$aHerling-Grudziński, Gustaw$d(1919-2000).$tLegenda o nawróconym pustelniku$2DBN
=600  17$aTokarczuk, Olga$d(1962- ).$tPodróż Ludzi Księgi$2DBN
=655  \7$aMalarstwo włoskie$xhistoria$y15 w.$2DBN
=655  \7$aOpowiadanie polskie$xtematyka$yod 1989 r.$2DBN
=773  0\$iW:$tŚwiat i Słowo : filologia, nauki społeczne, filozofia, teologia.$x1731-3317.$g2011, nr 1, s. 119-134
=909  \\$ab000003528979x
=915  \\$aBZCz 2013/08/24846
=916  \\$aGrigorova, Margreta   (1964- )
=931  \\$a75(045/046)
=950  \\$uhttps://eu05.alma.exlibrisgroup.com/view/uresolver/48OMNIS_NETWORK/openurl?u.ignore_date_coverage=true&portfolio_pid=53666067570005066&Force_direct=true$zZobacz w Polonie$853666067570005066
=955  \7$aMalarstwo włoskie$xhistoria$y15 w.$2DBN
=955  \7$aOpowiadanie polskie$xtematyka$yod 1989 r.$2DBN
=980  \\$aArtykuły
=996  \\$a.b3528979x$9local$z48OMNIS_NLOP
=998  \\$ao$9local$z48OMNIS_NLOP
=999  \\$abzcz$bpg$cbw$x08$y2013$amerk
  
