=LDR  01810naa a2200493 i 4500
=001  b0000003547089
=005  20221014143443.3
=008  100512s2009    pl           |000 0 pol  
=009  9910080705205606
=015  \\$aBZCz 2010/16326
=035  \\$a991042196739705066
=035  \\$a(PL-WaBN)b35470896-48omnis_nlop
=035  \\$ab35470896
=035  \\$a(OCoLC)998728119
=040  \\$aWA N$cWA N
=041  0\$apol$beng
=080  \\$a7(045/046)
=100  1\$aBałus, Wojciech$d(1961- )
=245  10$aDo granic :$bOlga Tokarczuk i Władysław Strzemiński /$cWojciech Bałus.
=260  \\$c2009.
=336  \\$aTekst$btxt$2rdacontent
=337  \\$aBez urządzenia pośredniczącego$bn$2rdamedia
=338  \\$aWolumin$bnc$2rdacarrier
=380  \\$aArtykuły
=546  \\$aStreszcz. ang.
=600  17$aStrzemiński, Władysław$d(1893-1952)$2DBN
=650  \7$aSztuka polska$xhistoria$y20 w.$2DBN
=655  \7$aPowieść polska$xhistoria$y21 w.$2DBN
=773  0\$iW:$tTeksty Drugie : teoria literatury, krytyka, interpretacja.$x0867-0633.$g2009, nr 3, s. 103-120
=909  \\$ab0000035470896
=915  \\$aBZCz 2010/16326
=916  \\$aBałus, Wojciech   (1961- )
=931  \\$a7(045/046)
=950  \\$uhttps://eu05.alma.exlibrisgroup.com/view/uresolver/48OMNIS_NETWORK/openurl?u.ignore_date_coverage=true&portfolio_pid=53656714370005066&Force_direct=true$zZobacz w Polonie$853656714370005066
=955  \7$aPowieść polska$xhistoria$y21 w.$2DBN
=980  \\$aArtykuły
=996  \\$a.b35470896$9local$z48OMNIS_NLOP
=998  \\$ao$9local$z48OMNIS_NLOP
=999  \\$abzcz$bws$baw$cmb$x05$y2010$amerk
  
