=LDR  01666naa a2200433 i 4500
=001  b0000003549507
=005  20221014143511.1
=008  111021s2009    pl           |000 0 pol  
=009  9910108512905606
=015  \\$aBZCz 2009/48468
=035  \\$a991042266859705066
=035  \\$a(PL-WaBN)b35495078-48omnis_nlop
=035  \\$ab35495078
=035  \\$a(OCoLC)998874746
=040  \\$aWA N$cWA N
=080  \\$a821.162.1(091)(045/046) 
=100  1\$aWilczyńska, Olga
=245  10$aMetafizyka miłości w prozie narracyjnej Olgi Tokarczuk /$cOlga Wilczyńska.
=260  \\$c2009.
=336  \\$aTekst$btxt$2rdacontent
=337  \\$aBez urządzenia pośredniczącego$bn$2rdamedia
=338  \\$aWolumin$bnc$2rdacarrier
=380  \\$aArtykuły
=600  17$aTokarczuk, Olga$d(1962- )$2DBN
=650  \7$aMiłość$xw literaturze polskiej.$2DBN
=655  \7$aProza polska$xtematyka$yod 1989 r.$2DBN
=773  0\$iW:$tZeszyty Naukowe Państwowej Wyższej Szkoły Zawodowej we Włocławku. Rozprawy Humanistyczne.$x1731-2221.$gT. 11 (2009), s. 457-482
=909  \\$ab0000035495078
=915  \\$aBZCz 2009/48468
=916  \\$aWilczyńska, Olga   
=931  \\$a821.162.1(091)(045/046) 
=950  \\$uhttps://eu05.alma.exlibrisgroup.com/view/uresolver/48OMNIS_NETWORK/openurl?u.ignore_date_coverage=true&portfolio_pid=53653599540005066&Force_direct=true$zZobacz w Polonie$853653599540005066
=955  \7$aProza polska$xtematyka$yod 1989 r.$2DBN
=980  \\$aArtykuły
=996  \\$a.b35495078$9local$z48OMNIS_NLOP
=998  \\$ao$9local$z48OMNIS_NLOP
=999  \\$abzcz$bkoz$bkoz$ckoz$x3a$y2009$amerk
  
