=LDR  01582naa a2200433 i 4500
=001  b0000003560207
=005  20221014143614.2
=008  050608s2004    pl           |000 0 pol  
=009  9910065702905606
=015  \\$aBZCz 2005/28399
=035  \\$a991042585099705066
=035  \\$a(PL-WaBN)b35602077-48omnis_nlop
=035  \\$ab35602077
=035  \\$a(OCoLC)998994312
=040  \\$aWA N$cWA N
=041  0\$apol$beng
=080  \\$a821.162.1-1/-9(045/046)
=100  1\$aMajbroda, Katarzyna
=245  10$aW kręgu codzienności, mitu, magii - wątki antropologiczne w prozie Olgi Tokarczuk /$cKatarzyna Majbroda.
=260  \\$c2004.
=336  \\$aTekst$btxt$2rdacontent
=337  \\$aBez urządzenia pośredniczącego$bn$2rdamedia
=338  \\$aWolumin$bnc$2rdacarrier
=380  \\$aArtykuły
=546  \\$aStreszcz. ang.
=600  17$aTokarczuk, Olga$d(1962- )$2DBN
=650  \7$aLiteratura polska$xhistoria$yod 1989 r.$2DBN
=773  0\$iW:$tZeszyty Etnologii Wrocławskiej.$x1642-0977.$g2004, nr 1, s. 61-81
=909  \\$ab0000035602077
=915  \\$aBZCz 2005/28399
=916  \\$aMajbroda, Katarzyna   
=931  \\$a821.162.1-1/-9(045/046)
=950  \\$uhttps://eu05.alma.exlibrisgroup.com/view/uresolver/48OMNIS_NETWORK/openurl?u.ignore_date_coverage=true&portfolio_pid=53654362230005066&Force_direct=true$zZobacz w Polonie$853654362230005066
=980  \\$aArtykuły
=996  \\$a.b35602077$9local$z48OMNIS_NLOP
=998  \\$ao$9local$z48OMNIS_NLOP
=999  \\$abzcz$bgj$bag$bjkr$x07-08$y2005$amerk
  
