=LDR  01609naa a2200445 i 4500
=001  b0000003561969
=005  20221015175006.7
=008  110417s2008    pl           |100 0 pol  
=009  9910200189505606
=015  \\$aBZCz 2011/16869
=035  \\$a991042637629705066
=035  \\$a(PL-WaBN)b35619697-48omnis_nlop
=035  \\$ab35619697
=035  \\$a(OCoLC)999013792
=040  \\$aWA N$cWA N
=041  0\$apol$beng
=080  \\$a821.162.1(091)
=100  1\$aBaran, Sylwia$c(biolog)
=245  10$aLiterackie światy Olgi Tokarczuk /$cSylwia Baran.
=260  \\$c2008.
=336  \\$aTekst$btxt$2rdacontent
=337  \\$aBez urządzenia pośredniczącego$bn$2rdamedia
=338  \\$aWolumin$bnc$2rdacarrier
=380  \\$aArtykuły
=546  \\$aStreszcz. ang.
=600  17$aTokarczuk, Olga$d(1962- )$2DBN
=655  \7$aProza polska$xhistoria$yod 1989 r.$2DBN
=773  0\$iW:$tZeszyty Naukowe Uniwersytetu Rzeszowskiego. Seria Filologiczna. Historia Literatury.$x1643-0522.$gZ. 3 (2008), s. 300-313
=909  \\$ab0000035619697
=915  \\$aBZCz 2011/16869
=916  \\$aBaran, Sylwia  (biolog) 
=931  \\$a821.162.1(091)
=950  \\$uhttps://eu05.alma.exlibrisgroup.com/view/uresolver/48OMNIS_NETWORK/openurl?u.ignore_date_coverage=true&portfolio_pid=53657674920005066&Force_direct=true$zZobacz w Polonie$853657674920005066
=955  \7$aProza polska$xhistoria$yod 1989 r.$2DBN
=980  \\$aArtykuły
=996  \\$a.b35619697$9local$z48OMNIS_NLOP
=998  \\$ao$9local$z48OMNIS_NLOP
=999  \\$abzcz$bko$bmw$cbw$x05$y2011
  
