=LDR  01866naa a2200481 i 4500
=001  b0000003564732
=005  20221015174909.2
=008  050427s2004    pl           |000 0 pol  
=009  9910368542705606
=015  \\$aBZCz 2005/16763
=035  \\$a991042718209705066
=035  \\$a(PL-WaBN)b35647322-48omnis_nlop
=035  \\$ab35647322
=035  \\$a(OCoLC)999044307
=040  \\$aWA N$cWA N
=041  0\$apol$brus$beng
=080  \\$a37.016(045/046)
=100  1\$aDutka, Elżbieta$d(1972- )
=245  10$a"Przykładam ucho do mebli..." - zaproszenie do lektury opowiadań Pawła Huellego i Olgi Tokarczuk na "godzinach polskiego" w liceum /$cElżbieta Dutka.
=260  \\$c2004.
=336  \\$aTekst$btxt$2rdacontent
=337  \\$aBez urządzenia pośredniczącego$bn$2rdamedia
=338  \\$aWolumin$bnc$2rdacarrier
=380  \\$aArtykuły
=546  \\$aStreszcz. ros., ang.
=600  17$aHuelle, Paweł$d(1957- ).$tStół$2DBN
=650  \7$aJęzyk polski$xnauczanie$xszkoły ponadgimnazjalne$2DBN
=773  0\$iW:$tZ Teorii i Praktyki Dydaktycznej Języka Polskiego.$x0208-5011.$gT. 17 (2004), s. 7-19
=909  \\$ab0000035647322
=915  \\$aBZCz 2005/16763
=916  \\$aDutka, Elżbieta   (1972- )
=931  \\$a37.016(045/046)
=950  \\$uhttps://eu05.alma.exlibrisgroup.com/view/uresolver/48OMNIS_NETWORK/openurl?u.ignore_date_coverage=true&portfolio_pid=53656355880005066&Force_direct=true$zZobacz w Polonie$853656355880005066
=980  \\$aArtykuły
=996  \\$a.b35647322$9local$z48OMNIS_NLOP
=998  \\$ao$9local$z48OMNIS_NLOP
=999  \\$abzcz$baw$bag$bbw$x05$y2005$amerk
  
