=LDR  01475nam a2200445 i 4500
=001  b0000003582115
=005  20221014143614.2
=008  150123s2014    pl           |000 0 pol  
=009  9910234089505606
=035  \\$a991043235129705066
=035  \\$a(PL-WaBN)b35821152-48omnis_nlop
=035  \\$ab35821152
=035  \\$a(OCoLC)903376772
=040  \\$aWA N$cWA N
=041  0\$apol$beng
=080  \\$a821.162.1(091)(045/046)
=100  1\$aGruntkowska, Dominika$d(1990- )
=245  10$aRomantyczna wizja kobiecości w prozie Olgi Tokarczuk /$cDominika Gruntkowska.
=260  \\$c2014.
=336  \\$aTekst$btxt$2rdacontent
=337  \\$aBez urządzenia pośredniczącego$bn$2rdamedia
=338  \\$aWolumin$bnc$2rdacarrier
=380  \\$aArtykuły
=546  \\$aStreszcz. ang.
=600  17$aTokarczuk, Olga$d(1962- )$2DBN
=648  \7$a1901-2000$2DBN
=648  \7$a1989-2000$2DBN
=650  \7$aKobieta$xw literaturze polskiej$2DBN
=655  \7$aPowieść polska$xtematyka$yod 1989 r.$2DBN
=773  0\$iW:$tRomantyzm użytkowy : długie trwanie romantyzmu w kulturze polskiej,$gs. 103-120
=909  \\$ab0000035821152
=916  \\$aGruntkowska, Dominika   (1990- )
=931  \\$a821.162.1(091)(045/046)
=955  \7$aPowieść polska$xtematyka$yod 1989 r.$2DBN
=980  \\$aArtykuły
=996  \\$a.b35821152$9local$z48OMNIS_NLOP
=998  \\$aik$ao$av$9local$z48OMNIS_NLOP
=999  \\$azk$bbj$bil
  
