=LDR  01727naa a2200457 i 4500
=001  b0000003583112
=005  20221014143614.2
=008  150126s2015    pl           |000 0 pol  
=009  9910506359405606
=015  \\$aPrasa 2015/01/26
=035  \\$a991043263839705066
=035  \\$a(PL-WaBN)b35831121-48omnis_nlop
=035  \\$ab35831121
=035  \\$a(OCoLC)903377427
=040  \\$aWA N$cWA N
=100  1\$aTokarczuk, Olga$d(1962- )
=245  10$aTo nie jest kraj dla heretyków :$bniesamowita i pouczająca odyseja Jakuba Franka /$cOlga Tokarczuk ; rozm. przepr. Dorota Wodecka.
=260  \\$c24-25 I 2015.
=336  \\$aTekst$btxt$2rdacontent
=337  \\$aBez urządzenia pośredniczącego$bn$2rdamedia
=338  \\$aWolumin$bnc$2rdacarrier
=380  \\$aArtykuły
=600  17$aFrank, Jakub Józef$d(1726-1791)$2DBN
=648  \7$a2001-$2DBN
=650  \7$aFrankiści$zPolska.$2DBN
=655  \7$aPowieść polska$xtematyka$y21 w.$2DBN
=700  1\$aWodecka, Dorota$d(1968- )
=773  0\$iW:$tGazeta Wyborcza (Wyd. zasadnicze).$x0860-908X.$g2015, nr 19, s. 32-34$w(PL)b0000001301576
=909  \\$ab0000035831121
=915  \\$aPrasa 2015/01/26
=916  \\$aTokarczuk, Olga   (1962- )
=918  1\$aWodecka, Dorota$d(1968- )
=955  \7$aPowieść polska$xtematyka$y21 w.$2DBN
=980  \\$aArtykuły
=996  \\$a.b35831121$9local$z48OMNIS_NLOP
=998  \\$ao$av$9local$z48OMNIS_NLOP
=999  \\$abzczp$bjkr$cjkr
  
