=LDR  01681naa a2200457 i 4500
=001  b0000003584406
=005  20221015174938.0
=008  150126s2015    pl           |000 0 pol  
=009  9910419964805606
=015  \\$aPrasa 2015/01/26
=035  \\$a991043299789705066
=035  \\$a(PL-WaBN)b35844061-48omnis_nlop
=035  \\$ab35844061
=035  \\$a(OCoLC)903378543
=040  \\$aWA M$cWA M
=100  1\$aTokarczuk, Olga$d(1962- )
=245  10$aPrzeniosłam się do XVIII wieku /$cOlga Tokarczuk ; rozm. przepr. Danuta Nowicka.
=260  \\$c26 I 2015.
=336  \\$aTekst$btxt$2rdacontent
=337  \\$aBez urządzenia pośredniczącego$bn$2rdamedia
=338  \\$aWolumin$bnc$2rdacarrier
=380  \\$aArtykuły
=600  17$aFrank, Jakub Józef$d(1726-1791)$2DBN
=648  \7$a2001-$2DBN
=655  \7$aPowieść polska$xtematyka$y21 w.$2DBN
=700  1\$aNowicka, Danuta$c(dziennikarz)
=773  0\$iW:$tPolska (Metropolia Warszawska, wyd. zasadnicze).$x1898-3081.$g2015, nr 8, dod. PolskaCafé, s. 4-5$w(PL)b0000002035638
=909  \\$ab0000035844061
=915  \\$aPrasa 2015/01/26
=916  \\$aTokarczuk, Olga   (1962- )
=918  1\$aNowicka, Danuta$c(dziennikarz)
=955  \7$aPowieść polska$xtematyka$y21 w.$2DBN
=980  \\$aArtykuły
=996  \\$a.b35844061
=999  \\$aDBNd$bjka
  
