=LDR  01351naa a2200397 i 4500
=001  b0000003619800
=005  20221015174811.7
=008  051121s2003    pl           |000 0 pol  
=009  9910428417205606
=015  \\$aBZCz 2005/43904
=035  \\$a991044348249705066
=035  \\$a(PL-WaBN)b36198006-48omnis_nlop
=035  \\$ab36198006
=035  \\$a(OCoLC)995371742
=040  \\$aWA N$cWA N
=041  0\$apol$beng
=100  1\$aUtracka, Dorota
=245  10$aChronotopia uznakowiona a metafizyka rzeczy :$bwokół prozy Olgi Tokarczuk /$cDorota Utracka.
=260  \\$c2003.
=336  \\$aTekst$btxt$2rdacontent
=337  \\$aBez urządzenia pośredniczącego$bn$2rdamedia
=338  \\$aWolumin$bnc$2rdacarrier
=380  \\$aArtykuły
=546  \\$aStreszcz. ang.
=600  17$aTokarczuk, Olga$d(1962- )$2DBN
=650  \7$aLiteratura polska$xhistoria$yod 1989 r.$2DBN
=773  0\$iW:$tPrace Naukowe - Wyższa Szkoła Pedagogiczna w Częstochowie. Filologia Polska. Historia i Teoria Literatury.$x0860-0821.$gZ. 9 (2003), s. 103-114
=909  \\$ab0000036198006
=915  \\$aBZCz 2005/43904
=916  \\$aUtracka, Dorota   
=980  \\$aArtykuły
=996  \\$a.b36198006$9local$z48OMNIS_NLOP
=998  \\$ao$9local$z48OMNIS_NLOP
=999  \\$abzcz$bmw$bko$bbw$x12$y2005$amerk
  
