=LDR  01236naa a2200397 i 4500
=001  b0000003645765
=005  20221015174811.7
=008  020422s2001    pl           |000 0 pol  
=009  9910271957905606
=015  \\$aBZCz 2002/11230
=035  \\$a991045112459705066
=035  \\$a(PL-WaBN)b36457656-48omnis_nlop
=035  \\$ab36457656
=035  \\$a(OCoLC)995410143
=040  \\$aWA N$cWA N
=084  \\$a18.5.2
=100  1\$aGorczycka, Maria
=245  10$a"Prawiek i inne czasy" w klasie IV LO /$cMaria Gorczycka.
=260  \\$c2001.
=336  \\$aTekst$btxt$2rdacontent
=337  \\$aBez urządzenia pośredniczącego$bn$2rdamedia
=338  \\$aWolumin$bnc$2rdacarrier
=380  \\$aArtykuły
=600  17$aTokarczuk, Olga$d(1962- )$2DBN
=650  \7$aJęzyk polski$xnauczanie$2DBN
=773  0\$iW:$tForum Humanistów.$g2001, nr 3, s. 66-67
=909  \\$ab0000036457656
=915  \\$aBZCz 2002/11230
=916  \\$aGorczycka, Maria   
=980  \\$aArtykuły
=996  \\$a.b36457656$9local$z48OMNIS_NLOP
=998  \\$ao$9local$z48OMNIS_NLOP
=999  \\$abzcz$bhm$bjb$bak$bkonw. 25/10/10(110302)$x03$y2002
=999  \\$aDBN01$ckor
  
