=LDR  01943naa a2200421 i 4500
=001  b0000003663025
=005  20221014143459.1
=008  150309s2015    pl           |000 0 pol  
=009  9910352363805606
=015  \\$aBZCz 2015/20583
=035  \\$a991045617639705066
=035  \\$a(PL-WaBN)b36630251-48omnis_nlop
=035  \\$ab36630251
=035  \\$a(OCoLC)909682893
=040  \\$aWA N$cWA N
=080  \\$a821.162.1(091)(045/046)
=100  1\$aBugajski, Leszek$d(1949- )
=245  10$aSekta Jakubowa /$cLeszek Bugajski.
=260  \\$c2015.
=336  \\$aTekst$btxt$2rdacontent
=337  \\$aBez urządzenia pośredniczącego$bn$2rdamedia
=338  \\$aWolumin$bnc$2rdacarrier
=380  \\$aArtykuły
=520  8\$aZawiera rec. książki: Księgi Jakubowe albo Wielka podróż przez siedem granic, pięć języków i trzy duże religie, nie licząc tych małych : opowiadana przez zmarłych, a przez autorkę dopełniona metodą koniektury, z wielu rozmaitych ksiąg zaczerpnięta, a także wspomożona imaginacją, która to jest największym naturalnym darem człowieka / Olga Tokarczuk. - Kraków, 2014.
=600  17$aTokarczuk, Olga$d(1962- ).$tKsięgi Jakubowe albo Wielka podróż przez siedem granic, pięć języków i trzy duże religie, nie licząc tych małych$2DBN
=655  \7$aRecenzja literacka$2DBN
=740  0\$aKsięgi Jakubowe albo Wielka podróż przez siedem granic, pięć języków i trzy duże religie, nie licząc tych małych - recenzja
=773  0\$iW:$tTwórczość : miesięcznik literacko-krytyczny.$x0041-4727.$gR. 71, nr 1 (2015), s. 91-94
=909  \\$ab0000036630251
=915  \\$aBZCz 2015/20583
=916  \\$aBugajski, Leszek   (1949- )
=931  \\$a821.162.1(091)(045/046)
=955  \7$aRecenzja literacka$2DBN
=980  \\$aArtykuły
=996  \\$a.b36630251$9local$z48OMNIS_NLOP
=998  \\$ao$av$9local$z48OMNIS_NLOP
=999  \\$abzcz$bbw$x03$y2015
  
