=LDR  01541naa a2200457 i 4500
=001  b0000003677449
=005  20221231131058.6
=008  150318s2014    pl           |000 0 pol  
=009  9910189613905606
=035  \\$a991046037889705066
=035  \\$a(PL-WaBN)b36774492-48omnis_nlop
=035  \\$ab36774492
=035  \\$a(OCoLC)909141160
=040  \\$aWA N$cWA N
=080  \\$a821.162.1(091)(045/046) 
=100  1\$aSkrendo, Andrzej$d(1970- )
=245  10$aSzafa /$cAndrzej Skrendo ; Uniwersytet Szczeciński.
=260  \\$c2014.
=336  \\$aTekst$btxt$2rdacontent
=337  \\$aBez urządzenia pośredniczącego$bn$2rdamedia
=338  \\$aWolumin$bnc$2rdacarrier
=380  \\$aArtykuły
=600  17$aRóżewicz, Tadeusz$d(1921-2014).$tGałąź$2DBN
=648  \7$a1901-2000$2DBN
=648  \7$a1945-1989$2DBN
=650  \7$aHolokaust$xw literaturze polskiej$2DBN
=655  \7$aOpowiadanie polskie$xtematyka$yod 1944 r.$2DBN
=710  2\$aUniwersytet Szczeciński$4oth
=773  0\$iW:$tNiepokoje : twórczość Tadeusza Różewicza wobec Zagłady,$gs. 188-199
=909  \\$ab0000036774492
=916  \\$aSkrendo, Andrzej   (1970- )
=921  2\$aUniwersytet Szczeciński
=931  \\$a821.162.1(091)(045/046) 
=955  \7$aOpowiadanie polskie$xtematyka$yod 1944 r.$2DBN
=980  \\$aArtykuły
=996  \\$a.b36774492$9local$z48OMNIS_NLOP
=998  \\$ao$av$9local$z48OMNIS_NLOP
=999  \\$azk$bdm
  
