=LDR  01695naa a2200445 i 4500
=001  b0000003682298
=005  20221015174938.0
=008  021220s2002    pl           |000 0 pol  
=009  9910272423305606
=015  \\$aBZCz 2002/42979
=035  \\$a991046166049705066
=035  \\$a(PL-WaBN)b3682298x-48omnis_nlop
=035  \\$ab3682298x
=035  \\$a(OCoLC)995445991
=040  \\$aWA N$cWA N
=080  \\$a821.162.1(091)(045/046)
=100  1\$aBogdańska, Agata$d(1978- )
=245  10$a[Lalka i perła - recenzja] /$cAgata Bogdańska.
=260  \\$c2002.
=336  \\$aTekst$btxt$2rdacontent
=337  \\$aBez urządzenia pośredniczącego$bn$2rdamedia
=338  \\$aWolumin$bnc$2rdacarrier
=380  \\$aArtykuły
=520  8\$aZawiera rec. książki: Lalka i perła / Olga Tokarczuk. - Kraków, 2001.
=600  17$aPrus, Bolesław$d(1847-1912).$tLalka$2DBN
=655  \7$aRecenzja$2DBN
=773  0\$iW:$tPogranicza : szczeciński kwartalnik kulturalny.$x1233-3654.$g2002, nr 1, s. 92-93
=909  \\$ab000003682298x
=915  \\$aBZCz 2002/42979
=916  \\$aBogdańska, Agata   (1978- )
=931  \\$a821.162.1(091)(045/046)
=950  \\$uhttps://eu05.alma.exlibrisgroup.com/view/uresolver/48OMNIS_NETWORK/openurl?u.ignore_date_coverage=true&portfolio_pid=53658556230005066&Force_direct=true$zZobacz w Polonie$853658556230005066
=955  \7$aRecenzja$2DBN
=980  \\$aArtykuły
=996  \\$a.b3682298x$9local$z48OMNIS_NLOP
=998  \\$ao$9local$z48OMNIS_NLOP
=999  \\$abzcz$bMW$bew$bak$bkonw. 25/10/10(144392)$x11$y2002$azzmerzl$bwbs$amerk
  
