=LDR  01661naa a2200445 i 4500
=001  b0000003683512
=005  20221015174909.2
=008  050715s2004    pl           |000 0 pol  
=009  9910239467205606
=015  \\$aBZCz 2005/29495
=035  \\$a991046200739705066
=035  \\$a(PL-WaBN)b36835122-48omnis_nlop
=035  \\$ab36835122
=035  \\$a(OCoLC)998890633
=040  \\$aWA N$cWA N
=080  \\$a821.162.1(091)(045/046)
=100  1\$aSkrendo, Andrzej$d(1970- )
=245  10$aEgzamin z tanata /$cAndrzej Skrendo.
=260  \\$c2004.
=336  \\$aTekst$btxt$2rdacontent
=337  \\$aBez urządzenia pośredniczącego$bn$2rdamedia
=338  \\$aWolumin$bnc$2rdacarrier
=380  \\$aArtykuły
=520  8\$aZawiera rec. książki: Ostatnie historie / Olga Tokarczuk. - Kraków, 2004.
=600  17$aTokarczuk, Olga$d(1962- ).$tOstatnie historie$2DBN
=655  \7$aRecenzja literacka$2DBN
=740  0\$aOstatnie historie - recenzja
=773  0\$iW:$tPogranicza : szczeciński kwartalnik kulturalny.$x1233-3654.$g2004, nr 6, s. 110-112
=909  \\$ab0000036835122
=915  \\$aBZCz 2005/29495
=916  \\$aSkrendo, Andrzej   (1970- )
=931  \\$a821.162.1(091)(045/046)
=950  \\$uhttps://eu05.alma.exlibrisgroup.com/view/uresolver/48OMNIS_NETWORK/openurl?u.ignore_date_coverage=true&portfolio_pid=53657163160005066&Force_direct=true$zZobacz w Polonie$853657163160005066
=955  \7$aRecenzja literacka$2DBN
=980  \\$aArtykuły
=996  \\$a.b36835122$9local$z48OMNIS_NLOP
=998  \\$ao$9local$z48OMNIS_NLOP
=999  \\$abzcz$bmw$bjb$bak$x07-08$y2005$amerk
  
