=LDR  01671naa a2200433 i 4500
=001  b0000003683559
=005  20221015175104.3
=008  051019s2005    pl           |000 0 pol  
=009  9910208233305606
=015  \\$aBZCz 2005/44272
=035  \\$a991046201969705066
=035  \\$a(PL-WaBN)b36835596-48omnis_nlop
=035  \\$ab36835596
=035  \\$a(OCoLC)998891198
=040  \\$aWA N$cWA N$dWA N
=080  \\$a821.162.1(091)(045/046)
=100  1\$aBrach-Czaina, Jolanta$d(1937-2021)
=245  10$aGender w twórczości Olgi Tokarczuk i Tamary Bołdak-Janowskiej /$cJolanta Brach-Czaina.
=260  \\$c2005.
=336  \\$aTekst$btxt$2rdacontent
=337  \\$aBez urządzenia pośredniczącego$bn$2rdamedia
=338  \\$aWolumin$bnc$2rdacarrier
=380  \\$aArtykuły
=600  17$aBołdak-Janowska, Tamara$d(1946- )$2DBN
=655  \7$aLiteratura polska$xhistoria$yod 1944 r.$2DBN
=773  0\$iW:$tPogranicza : szczeciński kwartalnik kulturalny.$x1233-3654.$g2005, nr 2, s. 23-35
=909  \\$ab0000036835596
=915  \\$aBZCz 2005/44272
=916  \\$aBrach-Czaina, Jolanta   (1937-2021)
=931  \\$a821.162.1(091)(045/046)
=950  \\$uhttps://eu05.alma.exlibrisgroup.com/view/uresolver/48OMNIS_NETWORK/openurl?u.ignore_date_coverage=true&portfolio_pid=53657164270005066&Force_direct=true$zZobacz w Polonie$853657164270005066
=955  \7$aLiteratura polska$xhistoria$yod 1944 r.$2DBN
=980  \\$aArtykuły
=996  \\$a.b36835596$9local$z48OMNIS_NLOP
=998  \\$ao$9local$z48OMNIS_NLOP
=999  \\$abzcz$bjt$bgj$bak$x12$y2005$amerk
  
