=LDR  01948naa a2200421 i 4500
=001  b0000003688284
=005  20221014143443.3
=008  150324s2015    pl           |000 0 pol  
=009  9910516683105606
=015  \\$aBZCz 2015/20783
=035  \\$a991046324009705066
=035  \\$a(PL-WaBN)b36882847-48omnis_nlop
=035  \\$ab36882847
=035  \\$a(OCoLC)909153022
=040  \\$aWA N$cWA N
=080  \\$a821.162.1(091)(045/046)
=100  1\$aWiśniewski, Radosław$d(1981- )
=245  10$aRozdroża wybitności /$cRadosław Wiśniewski.
=260  \\$c2015.
=336  \\$aTekst$btxt$2rdacontent
=337  \\$aBez urządzenia pośredniczącego$bn$2rdamedia
=338  \\$aWolumin$bnc$2rdacarrier
=380  \\$aArtykuły
=520  8\$aZawiera rec. książki: Księgi Jakubowe albo Wielka podróż przez siedem granic, pięć języków i trzy duże religie, nie licząc tych małych : opowiadana przez zmarłych, a przez autorkę dopełniona metodą koniektury, z wielu rozmaitych ksiąg zaczerpnięta, a także wspomożona imaginacją, która to jest największym naturalnym darem człowieka / Olga Tokarczuk. - Kraków, 2014.
=600  17$aTokarczuk, Olga$d(1962- ).$tKsięgi Jakubowe albo Wielka podróż przez siedem granic, pięć języków i trzy duże religie, nie licząc tych małych$2DBN
=655  \7$aRecenzja literacka$2DBN
=740  0\$aKsięgi Jakubowe albo Wielka podróż przez siedem granic, pięć języków i trzy duże religie, nie licząc tych małych - recenzja
=773  0\$iW:$tOdra (Wrocław).$x0472-5182.$g2015, nr 3, s. 82-85$w(PL)b0000001479660
=909  \\$ab0000036882847
=915  \\$aBZCz 2015/20783
=916  \\$aWiśniewski, Radosław   (1981- )
=931  \\$a821.162.1(091)(045/046)
=955  \7$aRecenzja literacka$2DBN
=980  \\$aArtykuły
=996  \\$a.b36882847$9local$z48OMNIS_NLOP
=998  \\$ao$av$9local$z48OMNIS_NLOP
=999  \\$abzcz$bdu$x03$y2015
  
