=LDR  01858naa a2200517 i 4500
=001  b0000003746141
=005  20221015175035.5
=008  150501s2009    pl           |000 0apol  
=009  9910454994305606
=015  \\$aBZCz 2015/34157
=035  \\$a991048078449705066
=035  \\$a(PL-WaBN)b37461412-48omnis_nlop
=035  \\$ab37461412
=035  \\$a(OCoLC)999131530
=040  \\$aWA N$cWA N
=080  \\$a821.162.1(091)(045/046)
=100  1\$aTokarczuk, Olga$d(1962- )
=245  10$aSłowo w słowo /$cOlga Tokarczuk ; oprac. Łukasz Sawicki.
=260  \\$c2009.
=336  \\$aTekst$btxt$2rdacontent
=337  \\$aBez urządzenia pośredniczącego$bn$2rdamedia
=338  \\$aWolumin$bnc$2rdacarrier
=380  \\$aArtykuły
=600  17$aTokarczuk, Olga$d(1962- )$2DBN
=648  \7$a1901-2000$2DBN
=648  \7$a1989-2000$2DBN
=655  \7$aLiteratura polska$xhistoria$yod 1989 r.$2DBN
=700  1\$aSawicki, Łukasz$d(1982- )$eOprac.
=773  0\$iW:$tStrony : czasopismo społeczno-kulturalne.$x1233-1805.$g2009, nr 1/2, s. 84-87
=909  \\$ab0000037461412
=915  \\$aBZCz 2015/34157
=916  \\$aTokarczuk, Olga   (1962- )
=918  1\$aSawicki, Łukasz$d(1982- )
=931  \\$a821.162.1(091)(045/046)
=950  \\$uhttps://eu05.alma.exlibrisgroup.com/view/uresolver/48OMNIS_NETWORK/openurl?u.ignore_date_coverage=true&portfolio_pid=53656807300005066&Force_direct=true$zZobacz w Polonie$853656807300005066
=955  \7$aLiteratura polska$xhistoria$yod 1989 r.$2DBN
=980  \\$aArtykuły
=996  \\$a.b37461412$9local$z48OMNIS_NLOP
=998  \\$ao$9local$z48OMNIS_NLOP
=999  \\$azzmerzl$b5twk$x05$y2015
  
