=LDR  03503nam a2200841 i 4500
=001  b0000003856871
=005  20221015174811.7
=008  150629s2014    pl           |000 0 ger  
=009  9910006433805606
=015  \\$aUWD 2015/20117
=020  \\$a9788323228189
=035  \\$a991051343639705066
=035  \\$a(PL-WaBN)b38568718-48omnis_nlop
=035  \\$ab38568718
=035  \\$a(OCoLC)909995407
=035  \\$axx003425309
=040  \\$aWA N$cWA N
=041  0\$ager$beng$bpol
=080  \\$a821.112.2(436)(091)"19"
=080  \\$a821.112.2(436)(091)"20"
=080  \\$a821.162.1(091)"19"
=084  \\$a01
=100  1\$aJanachowska-Budych, Marta
=245  10$aGedächtnismedium Literatur :$bzur Wirkung der Literatur in der Erinnerungskultur am Beispiel der Werke von Elfriede Jelinek und Olga Tokarczuk /$cMarta Janachowska-Budych ; Uniwersytet im. Adama Mickiewicza w Poznaniu. Instytut Lingwistyki Stosowanej.
=260  \\$aPoznań :$bWydawnictwo Naukowe Uniwersytetu im. Adama Mickiewicza,$c2014.
=300  \\$a184 s. ;$c24 cm.
=336  \\$aTekst$btxt$2rdacontent
=337  \\$aBez urządzenia pośredniczącego$bn$2rdamedia
=338  \\$aWolumin$bnc$2rdacarrier
=380  \\$aKsiążki
=490  1\$aJęzyk, Kultura, Komunikacja ;$v14
=504  \\$aBibliogr. s. 168-181.
=546  \\$aStreszcz. ang., pol.
=600  17$aJelinek, Elfriede$d(1946- )$2DBN
=648  \7$a1901-2000$2DBN
=648  \7$a1945-1989$2DBN
=648  \7$a1989-2000$2DBN
=650  \7$aPamięć$xw literaturze austriackiej.$2DBN
=655  \7$aLiteratura austriacka$xtematyka$yod 1945 r.$2DBN
=710  2\$aInstytut Lingwistyki Stosowanej (Uniwersytet im. Adama Mickiewicza ; Poznań)
=830  \0$aJęzyk, Kultura, Komunikacja $v14
=852  \\$822473914280005066$j1$h2.846.123 A$bBN_PL$p30001021304642$cbk1
=909  \\$ab0000038568718
=910  \\$a2015 CEO 1817/5 (tylko A)$9LOCAL$z48OMNIS_UJA
=915  \\$aUWD 2015/20117
=916  \\$aJanachowska-Budych, Marta   
=920  \\$a978-83-232-2818-9
=921  2\$aInstytut Lingwistyki Stosowanej (Uniwersytet im. Adama Mickiewicza ; Poznań)
=923  \\$aWydawnictwo Naukowe Uniwersytetu im. Adama Mickiewicza (Poznań)
=931  \\$a821.112.2(436)(091)"19"
=931  \\$a821.112.2(436)(091)"20"
=931  \\$a821.162.1(091)"19"
=935  \\$a(KR_U)vtls001331315$9LOCAL$z48OMNIS_UJA
=955  \7$aLiteratura austriacka$xtematyka$yod 1945 r.$2DBN
=960  \\$a2.846.123 A$cbk1  $d30001021304642$e2.846.123$h2015 e$iZ70,00$j2015.08.31$k1$l-$o0$xNakł.:$9local$z48OMNIS_NLOP
=961  \\$aCALL NO: 2.846.123 A$h-- ACC NO: 2015 e$j2015.08.31$xNakł.:$9local$z48OMNIS_NLOP
=980  \\$aKsiążki
=996  \\$a.b38568718$9local$z48OMNIS_NLOP
=998  \\$aik$ao$av$9local$z48OMNIS_NLOP
=999  \\$azk$bkcm$x31$y15
  
