=LDR  01989naa a2200421 i 4500
=001  b0000003878852
=005  20221015175133.2
=008  150706s2015    pl           |000 0 pol  
=009  9910430322805606
=015  \\$aBZCz 2015/46349
=035  \\$a991051988409705066
=035  \\$a(PL-WaBN)b38788524-48omnis_nlop
=035  \\$ab38788524
=035  \\$a(OCoLC)998928452
=040  \\$aWA N$cWA N
=080  \\$a821.162.1(091)(045/046)
=100  1\$aRogatko, Bogdan$d(1940-2017)
=245  10$aOpowieść o wielkiej podróży, obcości i Mesjaszach /$cBogdan Rogatko.
=260  \\$c2015.
=336  \\$aTekst$btxt$2rdacontent
=337  \\$aBez urządzenia pośredniczącego$bn$2rdamedia
=338  \\$aWolumin$bnc$2rdacarrier
=380  \\$aArtykuły
=520  8\$aZawiera rec. książki: Księgi Jakubowe albo Wielka podróż przez siedem granic, pięć języków i trzy duże religie, nie licząc tych małych : opowiadana przez zmarłych, a przez autorkę dopełniona metodą koniektury, z wielu rozmaitych ksiąg zaczerpnięta, a także wspomożona imaginacją, która to jest największym naturalnym darem człowieka / Olga Tokarczuk. - Kraków, 2014.
=600  17$aTokarczuk, Olga$d(1962- ).$tKsięgi Jakubowe albo Wielka podróż przez siedem granic, pięć języków i trzy duże religie, nie licząc tych małych$2DBN
=655  \7$aRecenzja literacka$2DBN
=740  0\$aKsięgi Jakubowe albo Wielka podróż przez siedem granic, pięć języków i trzy duże religie, nie licząc tych małych - recenzja
=773  0\$iW:$tNowa Dekada Krakowska : dwumiesięcznik kulturalny.$x2299-4742.$gR. 4, nr 1/2 (2015), s. 108-116
=909  \\$ab0000038788524
=915  \\$aBZCz 2015/46349
=916  \\$aRogatko, Bogdan   (1940-2017)
=931  \\$a821.162.1(091)(045/046)
=955  \7$aRecenzja literacka$2DBN
=980  \\$aArtykuły
=996  \\$a.b38788524$9local$z48OMNIS_NLOP
=998  \\$ao$9local$z48OMNIS_NLOP
=999  \\$abzcz$bdu$x07$y2015
  
