=LDR  01695naa a2200457 i 4500
=001  b0000003901919
=005  20221015174840.4
=008  150720s2012    pl           |000 0 pol  
=009  9910244275405606
=015  \\$aBZCz 2015/46368
=035  \\$a991000499869705066
=035  \\$a(PL-WaBN)b39019196-48omnis_nlop
=035  \\$ab39019196
=035  \\$a(OCoLC)999068808
=040  \\$aWA N$cWA N
=041  0\$apol$beng
=080  \\$a821.162.1(091)(045/046)
=100  1\$aSiwor, Dorota
=245  10$aOlgi Tokarczuk gra w mit :$b"Anna In w grobowcach świata" /$cDorota Siwor ; Kolegium Nauczycielskie w Bielsku-Białej.
=260  \\$c2012.
=336  \\$aTekst$btxt$2rdacontent
=337  \\$aBez urządzenia pośredniczącego$bn$2rdamedia
=338  \\$aWolumin$bnc$2rdacarrier
=380  \\$aArtykuły
=546  \\$aStreszcz. ang.
=600  17$aTokarczuk, Olga$d(1962- ).$tAnna In w grobowcach świata$2DBN
=648  \7$a2001-$2DBN
=650  \7$aMitologia$xw literaturze polskiej$2DBN
=655  \7$aPowieść polska$xtematyka$y21 w.$2DBN
=773  0\$iW:$tKonteksty Kultury.$x2083-7658.$g[Nr] 9 (2012), s. 114-124
=909  \\$ab0000039019196
=915  \\$aBZCz 2015/46368
=916  \\$aSiwor, Dorota   
=931  \\$a821.162.1(091)(045/046)
=950  \\$uhttps://eu05.alma.exlibrisgroup.com/view/uresolver/48OMNIS_NETWORK/openurl?u.ignore_date_coverage=true&portfolio_pid=53665235200005066&Force_direct=true$zZobacz w Polonie$853665235200005066
=955  \7$aPowieść polska$xtematyka$y21 w.$2DBN
=980  \\$aArtykuły
=996  \\$a.b39019196$9local$z48OMNIS_NLOP
=998  \\$ao$9local$z48OMNIS_NLOP
=999  \\$azzmer$bws$cws$x07$y2015
  
