=LDR  01240naa a2200373 i 4500
=001  b0000003922835
=005  20221014143459.1
=008  040220s2003    pl           |000 0 pol  
=009  9910529100905606
=015  \\$aBZCz 2004/3248
=035  \\$a991001322039705066
=035  \\$a(PL-WaBN)b39228356-48omnis_nlop
=035  \\$ab39228356
=035  \\$a(OCoLC)999201304
=040  \\$aWA N$cWA N
=084  \\$a20.2.1
=100  1\$aUniłowski, Krzysztof$d(1967-2019)
=245  10$aCała prawda o "prozie środka".$nCz. 3 /$cKrzysztof Uniłowski.
=260  \\$c2003.
=336  \\$aTekst$btxt$2rdacontent
=337  \\$aBez urządzenia pośredniczącego$bn$2rdamedia
=338  \\$aWolumin$bnc$2rdacarrier
=380  \\$aArtykuły
=600  17$aTokarczuk, Olga$d(1962- )$2DBN
=773  0\$iW:$tFA-art : kwartalnik Ruchu "Wolność i Pokój".$x1231-0158.$g2003, nr 1/2, s. 72-75$w(PL)b0000001298027
=909  \\$ab0000039228356
=915  \\$aBZCz 2004/3248
=916  \\$aUniłowski, Krzysztof   (1967-2019)
=980  \\$aArtykuły
=996  \\$a.b39228356$9local$z48OMNIS_NLOP
=998  \\$ao$9local$z48OMNIS_NLOP
=999  \\$abzcz$bjv$bag$bdm$bkonw. 25/10/10(1997)$x01$y2004$amerk
  
