=LDR  01341naa a2200397 i 4500
=001  b0000003923400
=005  20221014143443.3
=008  040220s2003    pl           |000 0 pol  
=009  9910054893805606
=015  \\$aBZCz 2004/2670
=035  \\$a991001343769705066
=035  \\$a(PL-WaBN)b39234009-48omnis_nlop
=035  \\$ab39234009
=035  \\$a(OCoLC)999207712
=040  \\$aWA N$cWA N
=084  \\$a18.5.2
=100  1\$aDutka, Elżbieta
=245  10$aOd "Sądu ostatecznego" Memlinga do "Próby generalnej" Tokarczuk, czyli o Apokalipsie i apokalipsach na lekcjach w liceum /$cElżbieta Dutka.
=260  \\$c2003.
=336  \\$aTekst$btxt$2rdacontent
=337  \\$aBez urządzenia pośredniczącego$bn$2rdamedia
=338  \\$aWolumin$bnc$2rdacarrier
=380  \\$aArtykuły
=600  17$aMemling, Hans$d(ok. 1430-1494)$xpopularyzacja$2DBN
=650  \7$aJęzyk polski$xnauczanie$2DBN
=773  0\$iW:$tNowa Polszczyzna.$g2003, nr 2, s. 6-16
=909  \\$ab0000039234009
=915  \\$aBZCz 2004/2670
=916  \\$aDutka, Elżbieta   
=980  \\$aArtykuły
=996  \\$a.b39234009$9local$z48OMNIS_NLOP
=998  \\$ao$9local$z48OMNIS_NLOP
=999  \\$abzcz$baw$bjb$bak$bkonw. 25/10/10(2915)$x01$y2004
  
