=LDR  01112naa a2200373 i 4500
=001  b0000003933271
=005  20221014143542.6
=008  040625s2003    pl           |000 0 pol  
=009  9910529307105606
=015  \\$aBZCz 2004/20662
=035  \\$a991001726759705066
=035  \\$a(PL-WaBN)b39332718-48omnis_nlop
=035  \\$ab39332718
=035  \\$a(OCoLC)999303605
=040  \\$aWA N$cWA N
=084  \\$a20.2.1
=100  1\$aZawada, Andrzej
=245  10$aLornetka Olgi Tokarczuk /$cAndrzej Zawada.
=260  \\$c2003.
=336  \\$aTekst$btxt$2rdacontent
=337  \\$aBez urządzenia pośredniczącego$bn$2rdamedia
=338  \\$aWolumin$bnc$2rdacarrier
=380  \\$aArtykuły
=600  17$aTokarczuk, Olga$d(1962- )$2DBN
=773  0\$iW:$tPomosty.$g[T.] 8, (2003), s. 101-104
=909  \\$ab0000039332718
=915  \\$aBZCz 2004/20662
=916  \\$aZawada, Andrzej   
=980  \\$aArtykuły
=996  \\$a.b39332718$9local$z48OMNIS_NLOP
=998  \\$ao$9local$z48OMNIS_NLOP
=999  \\$abzcz$bjt$bko$bak$bkonw. 25/10/10(18446)$x05$y2004
  
