=LDR  01504naa a2200445 i 4500
=001  b0000003942144
=005  20221015174952.3
=008  041022s2003    pl           |000 0 pol  
=009  9910343573205606
=015  \\$aBZCz 2004/34836
=035  \\$a991002072159705066
=035  \\$a(PL-WaBN)b39421442-48omnis_nlop
=035  \\$ab39421442
=035  \\$a(OCoLC)998930246
=040  \\$aWA N$cWA N$dWA N
=084  \\$a20.2.1
=100  1\$aTokarczuk, Olga$d(1962- )
=245  10$a"Nie wyobrażam sobie świata, w którym ludzie odmówią kontaktu z literaturą..." /$cOlga Tokarczuk ; rozm. przepr. Marta Wiatrzyk, Paweł Urbaniak.
=260  \\$c2003.
=336  \\$aTekst$btxt$2rdacontent
=337  \\$aBez urządzenia pośredniczącego$bn$2rdamedia
=338  \\$aWolumin$bnc$2rdacarrier
=380  \\$aArtykuły
=600  17$aTokarczuk, Olga$d(1962- )$2DBN
=655  \7$aŹródła historyczne$2DBN
=700  1\$aUrbaniak, Paweł$eRozm. przepr.
=773  0\$iW:$tPro Libris.$g2003, nr 2, s. 18-21
=909  \\$ab0000039421442
=915  \\$aBZCz 2004/34836
=916  \\$aTokarczuk, Olga   (1962- )
=918  1\$aUrbaniak, Paweł
=955  \7$aŹródła historyczne$2DBN
=980  \\$aArtykuły
=996  \\$a.b39421442$9local$z48OMNIS_NLOP
=998  \\$ao$9local$z48OMNIS_NLOP
=999  \\$abzcz$bws$bko$bak$bkonw. 25/10/10(32955)$x09$y2004
  
