=LDR  01383naa a2200421 i 4500
=001  b0000003944676
=005  20221014143614.2
=008  041022s2003    pl           |000 0 pol  
=009  9910506190005606
=015  \\$aBZCz 2004/34853
=035  \\$a991002171159705066
=035  \\$a(PL-WaBN)b39446761-48omnis_nlop
=035  \\$ab39446761
=035  \\$a(OCoLC)998958381
=040  \\$aWA N$cWA N
=084  \\$a20.2.2
=100  1\$aUrbaniak, Paweł
=245  10$a[Gra na wielu bębenkach - recenzja] /$cPaweł Urbaniak.
=260  \\$c2003.
=336  \\$aTekst$btxt$2rdacontent
=337  \\$aBez urządzenia pośredniczącego$bn$2rdamedia
=338  \\$aWolumin$bnc$2rdacarrier
=380  \\$aArtykuły
=510  4\$aPB$c1750/2002.
=520  8\$aZawiera rec. książki: Gra na wielu bębenkach  : 19 opowiadań / Olga Tokarczuk. - Wałbrzych, 2001.
=600  17$aTokarczuk, Olga$d(1962- ).$tGra na wielu bębenkach$2DBN
=655  \7$aRecenzja literacka$2DBN
=773  0\$iW:$tPro Libris.$g2003, nr 2, s. 101-103
=909  \\$ab0000039446761
=915  \\$aBZCz 2004/34853
=916  \\$aUrbaniak, Paweł   
=955  \7$aRecenzja literacka$2DBN
=980  \\$aArtykuły
=996  \\$a.b39446761$9local$z48OMNIS_NLOP
=998  \\$ao$9local$z48OMNIS_NLOP
=999  \\$abzcz$bws$bko$bak$bkonw. 25/10/10(37027)$x09$y2004
  
