=LDR  01342naa a2200433 i 4500
=001  b0000003945487
=005  20221014143459.1
=008  041123s2003    pl           |000 0 pol  
=009  9910027352105606
=015  \\$aBZCz 2004/39203
=035  \\$a991002202279705066
=035  \\$a(PL-WaBN)b39454873-48omnis_nlop
=035  \\$ab39454873
=035  \\$a(OCoLC)998967021
=040  \\$aWA N$cWA N
=041  0\$apol$bger
=080  \\$a80/81(045/046)
=100  1\$aZgrzywa, Jan$d(1973- )
=245  10$aZabawy językowe Olgi Tokarczuk /$cJan Zgrzywa.
=260  \\$c2003.
=336  \\$aTekst$btxt$2rdacontent
=337  \\$aBez urządzenia pośredniczącego$bn$2rdamedia
=338  \\$aWolumin$bnc$2rdacarrier
=380  \\$aArtykuły
=546  \\$aStreszcz. w jęz. niem.
=600  17$aTokarczuk, Olga$d(1962- )$2DBN
=773  0\$iW:$tStudia Językoznawcze.$x1730-4180$gT. 2, (2003), s. 435-440
=909  \\$ab0000039454873
=915  \\$aBZCz 2004/39203
=916  \\$aZgrzywa, Jan   (1973- )
=931  \\$a80/81(045/046)
=980  \\$aArtykuły
=996  \\$a.b39454873$9local$z48OMNIS_NLOP
=998  \\$ao$9local$z48OMNIS_NLOP
=999  \\$abzcz$bJR$bko$bmo$bkonw. 25/10/10(38390)$x10$y2004$amerk
  
