=LDR  01164naa a2200373 i 4500
=001  b0000003955197
=005  20221015174840.4
=008  030221s2002    pl           |000 0 pol  
=009  9910261998305606
=015  \\$aBZCz 2003/3380
=035  \\$a991002579499705066
=035  \\$a(PL-WaBN)b39551970-48omnis_nlop
=035  \\$ab39551970
=035  \\$a(OCoLC)999074863
=040  \\$aWA N$cWA N
=084  \\$a20.2.1
=100  1\$aOrski, Mieczysław$d(1943- )
=245  10$aMitopoetyka bytu /$cMieczysław Orski.
=260  \\$c2002.
=336  \\$aTekst$btxt$2rdacontent
=337  \\$aBez urządzenia pośredniczącego$bn$2rdamedia
=338  \\$aWolumin$bnc$2rdacarrier
=380  \\$aArtykuły
=600  17$aTokarczuk, Olga$d(1962- )$2DBN
=773  0\$iW:$tOdra (Wrocław).$x0472-5182.$g2002, nr 6, s. 61-63$w(PL)b0000001479660
=909  \\$ab0000039551970
=915  \\$aBZCz 2003/3380
=916  \\$aOrski, Mieczysław   (1943- )
=980  \\$aArtykuły
=996  \\$a.b39551970$9local$z48OMNIS_NLOP
=998  \\$ao$9local$z48OMNIS_NLOP
=999  \\$abzcz$bMW$bag$bbw$bkonw. 25/10/10(53353)$x01$y2003
  
