=LDR  01470naa a2200421 i 4500
=001  b0000003958131
=005  20221015174952.3
=008  030324s2002    pl           |000 0 pol  
=009  9910308591305606
=015  \\$aBZCz 2003/7805
=035  \\$a991002693089705066
=035  \\$a(PL-WaBN)b39581317-48omnis_nlop
=035  \\$ab39581317
=035  \\$a(OCoLC)999110968
=040  \\$aWA N$cWA N
=084  \\$a20.2.2
=100  0\$aRabizo-Birek, Magdalena$d(1964- )
=245  10$a[Gra na wielu bębenkach - recenzja] /$cMagdalena Rabizo-Birek.
=260  \\$c2002.
=336  \\$aTekst$btxt$2rdacontent
=337  \\$aBez urządzenia pośredniczącego$bn$2rdamedia
=338  \\$aWolumin$bnc$2rdacarrier
=380  \\$aArtykuły
=510  4\$aPB$c1750/2002.
=520  8\$aZawiera rec. książki: Gra na wielu bębenkach  : 19 opowiadań / Olga Tokarczuk. - Wałbrzych, 2001.
=600  17$aTokarczuk, Olga$d(1962- ).$tGra na wielu bębenkach$2DBN
=655  \7$aRecenzja literacka$2DBN
=773  0\$iW:$tTwórczość : miesięcznik literacko-krytyczny.$x0041-4727.$g2002, nr 9, s. 102-106
=909  \\$ab0000039581317
=915  \\$aBZCz 2003/7805
=916  \\$aRabizo-Birek, Magdalena   (1964- )
=955  \7$aRecenzja literacka$2DBN
=980  \\$aArtykuły
=996  \\$a.b39581317$9local$z48OMNIS_NLOP
=998  \\$ao$9local$z48OMNIS_NLOP
=999  \\$abzcz$bjv$bew$bjkr$bkonw. 25/10/10(57983)$x02$y2003
  
