=LDR  01254naa a2200373 i 4500
=001  b0000003958309
=005  20221015174811.7
=008  030324s2002    pl           |000 0 pol  
=009  9910291060405606
=015  \\$aBZCz 2003/7778
=035  \\$a991002699959705066
=035  \\$a(PL-WaBN)b39583090-48omnis_nlop
=035  \\$ab39583090
=035  \\$a(OCoLC)999113108
=040  \\$aWA N$cWA N
=084  \\$a20.2.1
=100  0\$aWickowska-Maciąg, Liliana.
=245  10$aMiędzy apoteozą a mizoginizmen :$bo kreacjach postaci kobiecych w twórczości Olgi Tokarczuk /$cLiliana Wickowska-Maciąg.
=260  \\$c2002.
=336  \\$aTekst$btxt$2rdacontent
=337  \\$aBez urządzenia pośredniczącego$bn$2rdamedia
=338  \\$aWolumin$bnc$2rdacarrier
=380  \\$aArtykuły
=600  17$aTokarczuk, Olga$d(1962- )$2DBN
=773  0\$iW:$tFraza : pismo literacko-społeczne.$x1230-4832.$g2002, nr 1/2, s. 170-188
=909  \\$ab0000039583090
=915  \\$aBZCz 2003/7778
=916  \\$aWickowska-Maciąg, Liliana.   
=980  \\$aArtykuły
=996  \\$a.b39583090$9local$z48OMNIS_NLOP
=998  \\$ao$9local$z48OMNIS_NLOP
=999  \\$abzcz$bjv$bjb$bak$bkonw. 25/10/10(58179)$x02$y2003
  
