=LDR  01494naa a2200421 i 4500
=001  b0000003966547
=005  20221015175133.2
=008  030626s2002    pl           |000 0 pol  
=009  9910309467605606
=015  \\$aBZCz 2003/20673
=035  \\$a991003020389705066
=035  \\$a(PL-WaBN)b39665471-48omnis_nlop
=035  \\$ab39665471
=035  \\$a(OCoLC)999204361
=040  \\$aWA N$cWA N
=084  \\$a20.2.2
=100  0\$aKralkowska-Gątkowska, Krystyna$d(1949-2010)
=245  10$a[Gra na wielu bębenkach - recenzja] /$cKrystyna Kralkowska-Gątkowska.
=260  \\$c2002.
=336  \\$aTekst$btxt$2rdacontent
=337  \\$aBez urządzenia pośredniczącego$bn$2rdamedia
=338  \\$aWolumin$bnc$2rdacarrier
=380  \\$aArtykuły
=510  4\$aPB$c1750/2002.
=520  8\$aZawiera rec. książki: Gra na wielu bębenkach  : 19 opowiadań / Olga Tokarczuk. - Wałbrzych, 2001.
=600  17$aTokarczuk, Olga$d(1962- ).$tGra na wielu bębenkach$2DBN
=655  \7$aRecenzja literacka$2DBN
=773  0\$iW:$tŚląsk : miesięcznik społeczno-kulturalny.$x1425-3917.$g2002, nr 12, s. 73
=909  \\$ab0000039665471
=915  \\$aBZCz 2003/20673
=916  \\$aKralkowska-Gątkowska, Krystyna   (1949-2010)
=955  \7$aRecenzja literacka$2DBN
=980  \\$aArtykuły
=996  \\$a.b39665471$9local$z48OMNIS_NLOP
=998  \\$ao$9local$z48OMNIS_NLOP
=999  \\$abzcz$bjv$bag$bak$bkonw. 25/10/10(70670)$x05$y2003
  
