=LDR  01284naa a2200385 i 4500
=001  b0000003968532
=005  20211030063941.3
=008  030718s2002    pl           |000 0 pol  
=009  9910046056805606
=015  \\$aBZCz 2003/25046
=035  \\$a991003097029705066
=035  \\$a(PL-WaBN)b39685329-48omnis_nlop
=035  \\$ab39685329
=035  \\$a(OCoLC)999226169
=040  \\$aWA N$cWA N
=084  \\$a20.2.1
=100  1\$aUniłowski, Krzysztof$d(1967-2019)
=245  10$aCała prawda o "prozie środka".$nCz. 2 /$cKrzysztof Uniłowski.
=260  \\$c2002.
=336  \\$aTekst$btxt$2rdacontent
=337  \\$aBez urządzenia pośredniczącego$bn$2rdamedia
=338  \\$aWolumin$bnc$2rdacarrier
=380  \\$aArtykuły
=600  17$aTokarczuk, Olga$d(1962- )$2DBN
=773  0\$iW:$tFA-art : kwartalnik Ruchu "Wolność i Pokój".$x1231-0158.$g2002, nr 4, s. 32-41$w(PL)b0000001298027
=902  \\$a181025$c030718$dm$eb$fb$g0
=909  \\$ab0000039685329
=915  \\$aBZCz 2003/25046
=916  \\$aUniłowski, Krzysztof   (1967-2019)
=980  \\$aArtykuły
=996  \\$a.b39685329$9local$z48OMNIS_NLOP
=998  \\$ao$9local$z48OMNIS_NLOP
=999  \\$abzcz$bjv$bew$bdm$bkonw. 25/10/10(73734)$x06$y2003$amerk
  
