=LDR  01343naa a2200421 i 4500
=001  b0000003971692
=005  20221014143511.1
=008  030919s2002    pl           |000 0 pol  
=009  9910353788505606
=015  \\$aBZCz 2003/29700
=035  \\$a991003219649705066
=035  \\$a(PL-WaBN)b39716922-48omnis_nlop
=035  \\$ab39716922
=035  \\$a(OCoLC)999260535
=040  \\$aWA N$cWA N
=084  \\$a20.2.2
=100  0\$aSkorpion.
=245  10$a[Gra na wielu bębenkach - recenzja] /$cSkorpion.
=260  \\$c2002.
=336  \\$aTekst$btxt$2rdacontent
=337  \\$aBez urządzenia pośredniczącego$bn$2rdamedia
=338  \\$aWolumin$bnc$2rdacarrier
=380  \\$aArtykuły
=510  4\$aPB$c1750/2002.
=520  8\$aZawiera rec. książki: Gra na wielu bębenkach / Olga Tokarczuk. - Wałbrzych, 2001.
=600  17$aTokarczuk, Olga$d(1962- ).$tGra na wielu bębenkach$2DBN
=655  \7$aRecenzja literacka$2DBN
=773  0\$iW:$tTytuł.$g2002, nr 1/2, s. 240-244
=909  \\$ab0000039716922
=915  \\$aBZCz 2003/29700
=916  \\$aSkorpion.   
=955  \7$aRecenzja literacka$2DBN
=980  \\$aArtykuły
=996  \\$a.b39716922$9local$z48OMNIS_NLOP
=998  \\$ao$9local$z48OMNIS_NLOP
=999  \\$abzcz$baw$bko$bak$bkonw. 25/10/10(78860)$x07$y2003
  
