=LDR  01430naa a2200445 i 4500
=001  b0000003987095
=005  20221015174826.1
=008  020226s2001    pl           |000 0 pol  
=009  9910345624905606
=015  \\$aBZCz 2002/3569
=035  \\$a991003818719705066
=035  \\$a(PL-WaBN)b39870959-48omnis_nlop
=035  \\$ab39870959
=035  \\$a(OCoLC)998423293
=040  \\$aWA N$cWA N
=084  \\$a20.2.1
=100  1\$aWroczyński, Tomasz
=245  10$a[Lalka i perła - recenzja] /$cTomasz Wroczyński.
=260  \\$c2001.
=336  \\$aTekst$btxt$2rdacontent
=337  \\$aBez urządzenia pośredniczącego$bn$2rdamedia
=338  \\$aWolumin$bnc$2rdacarrier
=380  \\$aArtykuły
=520  8\$aZawiera rec. książki: Lalka i perła / Olga Tokarczuk. - Kraków, 2001.
=600  17$aPrus, Bolesław$d(1847-1912)$2DBN
=630  07$aLalka i perła$2DBN
=655  \7$aRecenzja$2DBN
=773  0\$iW:$tBiuletyn Informacyjny Biblioteki Narodowej.$g2001, [nr] 2, s. 55-56
=909  \\$ab0000039870959
=915  \\$aBZCz 2002/3569
=916  \\$aWroczyński, Tomasz   
=930  07$aLalka i perła$2DBN
=955  \7$aRecenzja$2DBN
=980  \\$aArtykuły
=996  \\$a.b39870959$9local$z48OMNIS_NLOP
=998  \\$ao$9local$z48OMNIS_NLOP
=999  \\$abzcz$bms$bag$bak$bkonw. 25/10/10(103146)$x01$y2002
  
