=LDR  01291naa a2200397 i 4500
=001  b0000003990831
=005  20221015174923.6
=008  020322s2000    pl           |000 0 pol  
=009  9910179573305606
=015  \\$aBZCz 2002/7743
=035  \\$a991003963749705066
=035  \\$a(PL-WaBN)b39908318-48omnis_nlop
=035  \\$ab39908318
=035  \\$a(OCoLC)998476708
=040  \\$aWA N$cWA N
=084  \\$a20.2.1$a20.2.1
=100  1\$aPołtyn, Joanna
=245  10$aPrywatne światy gnostyczne /$cJoanna Połtyn.
=260  \\$c2000.
=336  \\$aTekst$btxt$2rdacontent
=337  \\$aBez urządzenia pośredniczącego$bn$2rdamedia
=338  \\$aWolumin$bnc$2rdacarrier
=380  \\$aArtykuły
=520  8\$a"Dom dzienny, dom nocny" Olgi Tokarczuk i "Dukla" Andrzeja Stasiuka.
=600  17$aStasiuk, Andrzej$d(1960- )$2DBN
=773  0\$iW:$tFraza : pismo literacko-społeczne.$x1230-4832.$g2000, nr 4, s. 191-205
=909  \\$ab0000039908318
=915  \\$aBZCz 2002/7743
=916  \\$aPołtyn, Joanna   
=980  \\$aArtykuły
=996  \\$a.b39908318$9local$z48OMNIS_NLOP
=998  \\$ao$9local$z48OMNIS_NLOP
=999  \\$abzcz$bMW$bjb$bbw$bkonw. 25/10/10(108542)$x02$y2002
  
