=LDR  01439naa a2200445 i 4500
=001  b0000003994491
=005  20221014143614.2
=008  020525s2001    pl           |000 0 pol  
=009  9910093693805606
=015  \\$aBZCz 2002/15757
=035  \\$a991004107019705066
=035  \\$a(PL-WaBN)b39944918-48omnis_nlop
=035  \\$ab39944918
=035  \\$a(OCoLC)998532967
=040  \\$aWA N$cWA N
=084  \\$a20.2.1
=100  1\$aGosk, Hanna$d(1952- )
=245  10$a[Lalka i perła - recenzja] /$cHanna Gosk.
=260  \\$c2001.
=336  \\$aTekst$btxt$2rdacontent
=337  \\$aBez urządzenia pośredniczącego$bn$2rdamedia
=338  \\$aWolumin$bnc$2rdacarrier
=380  \\$aArtykuły
=520  8\$aZawiera rec. książki: Lalka i perła / Olga Tokarczuk. - Kraków, 2001.
=600  17$aPrus, Bolesław$d(1847-1912)$2DBN
=630  07$aLalka i perła$2DBN
=655  \7$aRecenzja$2DBN
=773  0\$iW:$tNowe Książki : przegląd nowości wydawniczych.$x0137-8562.$g2001, nr 9, s. 24
=909  \\$ab0000039944918
=915  \\$aBZCz 2002/15757
=916  \\$aGosk, Hanna   (1952- )
=930  07$aLalka i perła$2DBN
=955  \7$aRecenzja$2DBN
=980  \\$aArtykuły
=996  \\$a.b39944918$9local$z48OMNIS_NLOP
=998  \\$ao$9local$z48OMNIS_NLOP
=999  \\$abzcz$bMW$bag$bbw$bkonw. 25/10/10(113805)$x04$y2002
  
