=LDR  01219naa a2200373 i 4500
=001  b0000003999285
=005  20221015175035.5
=008  020725s2000    pl           |000 0 pol  
=009  9910311209905606
=015  \\$aBZCz 2002/24262
=035  \\$a991004293179705066
=035  \\$a(PL-WaBN)b39992858-48omnis_nlop
=035  \\$ab39992858
=035  \\$a(OCoLC)998602553
=040  \\$aWA N$cWA N
=084  \\$a20.2.1
=100  0\$aRabizo-Birek, Magdalena$d(1964- )
=245  10$aTwórca i niszczyciel :$bczas w powieści Olgi Tokarczuk "Dom dzienny, dom nocny" /$cMagdalena Rabizo-Birek.
=260  \\$c2000.
=336  \\$aTekst$btxt$2rdacontent
=337  \\$aBez urządzenia pośredniczącego$bn$2rdamedia
=338  \\$aWolumin$bnc$2rdacarrier
=380  \\$aArtykuły
=600  17$aTokarczuk, Olga$d(1962- )$2DBN
=773  0\$iW:$tTopos.$x1230-8943.$g2000, nr 3/4, s. 75-82
=909  \\$ab0000039992858
=915  \\$aBZCz 2002/24262
=916  \\$aRabizo-Birek, Magdalena   (1964- )
=980  \\$aArtykuły
=996  \\$a.b39992858$9local$z48OMNIS_NLOP
=998  \\$ao$9local$z48OMNIS_NLOP
=999  \\$abzcz$bjv$bag$bak$bkonw. 25/10/10(121037)$x06$y2002
  
