=LDR  01449naa a2200445 i 4500
=001  b0000004001970
=005  20221014143614.2
=008  020725s2001    pl           |000 0 pol  
=009  9910522283805606
=015  \\$aBZCz 2002/24239
=035  \\$a991004398169705066
=035  \\$a(PL-WaBN)b40019706-48omnis_nlop
=035  \\$ab40019706
=035  \\$a(OCoLC)998642155
=040  \\$aWA N$cWA N$dWA N
=084  \\$a20.2.1
=100  1\$aBortnowski, Stanisław$d(1935-2014)
=245  10$aJak Olga Tokarczuk czyta "Lalkę" Bolesława Prusa? /$cStanisław Bortnowski.
=260  \\$c2001.
=336  \\$aTekst$btxt$2rdacontent
=337  \\$aBez urządzenia pośredniczącego$bn$2rdamedia
=338  \\$aWolumin$bnc$2rdacarrier
=380  \\$aArtykuły
=520  8\$aNa marginesie książki "Lalka i perła".
=600  17$aPrus, Bolesław$d(1847-1912)$2DBN
=650  \7$aLiteratura polska$2DBN
=658  \\$aLiteraturoznawstwo
=773  0\$iW:$tPolonistyka.$g2001, nr 10, s. 592-595
=909  \\$ab0000040019706
=915  \\$aBZCz 2002/24239
=916  \\$aBortnowski, Stanisław   (1935-2014)
=958  \\$aLiteraturoznawstwo
=980  \\$aArtykuły
=996  \\$a.b40019706$9local$z48OMNIS_NLOP
=998  \\$ao$9local$z48OMNIS_NLOP
=999  \\$abzcz$bjt$bjb$bbw$bkonw. 25/10/10(124935)$x06$y2002
  
