=LDR  01467naa a2200445 i 4500
=001  b0000004002605
=005  20221014143614.2
=008  020924s2001    pl           |000 0 pol  
=009  9910118445405606
=015  \\$aBZCz 2002/29235
=035  \\$a991004422739705066
=035  \\$a(PL-WaBN)b4002605x-48omnis_nlop
=035  \\$ab4002605x
=035  \\$a(OCoLC)998651092
=040  \\$aWA N$cWA N
=084  \\$a20.2.1
=100  1\$aTomczok, Marta$d(1980- )
=245  10$a[Lalka i perła - recenzja] /$cMarta Cuber.
=260  \\$c2001.
=336  \\$aTekst$btxt$2rdacontent
=337  \\$aBez urządzenia pośredniczącego$bn$2rdamedia
=338  \\$aWolumin$bnc$2rdacarrier
=380  \\$aArtykuły
=520  8\$aZawiera rec. książki: Lalka i perła / Olga Tokarczuk. - Kraków, 2001.
=600  17$aPrus, Bolesław$d(1847-1912)$2DBN
=630  07$aLalka i perła$2DBN
=655  \7$aRecenzja$2DBN
=773  0\$iW:$tFA-art : kwartalnik Ruchu "Wolność i Pokój".$x1231-0158.$g2001, nr 4, s. 82-85$w(PL)b0000001298027
=909  \\$ab000004002605x
=915  \\$aBZCz 2002/29235
=916  \\$aTomczok, Marta   (1980- )
=930  07$aLalka i perła$2DBN
=955  \7$aRecenzja$2DBN
=980  \\$aArtykuły
=996  \\$a.b4002605x$9local$z48OMNIS_NLOP
=998  \\$ao$9local$z48OMNIS_NLOP
=999  \\$abzcz$bjv$bag$bbw$bkonw. 25/10/10(125840)$x07$y2002
  
