=LDR  01434naa a2200445 i 4500
=001  b0000004007478
=005  20221014143459.1
=008  021023s2002    pl           |000 0 pol  
=009  9910144979105606
=015  \\$aBZCz 2002/33399
=035  \\$a991004610799705066
=035  \\$a(PL-WaBN)b4007478x-48omnis_nlop
=035  \\$ab4007478x
=035  \\$a(OCoLC)998722077
=040  \\$aWA N$cWA N
=084  \\$a20.2.1
=100  1\$aBorkowska, Grażyna$d(1956- )
=245  10$a[Lalka i perła - recenzja] /$cGrażyna Borkowska.
=260  \\$c2002.
=336  \\$aTekst$btxt$2rdacontent
=337  \\$aBez urządzenia pośredniczącego$bn$2rdamedia
=338  \\$aWolumin$bnc$2rdacarrier
=380  \\$aArtykuły
=520  8\$aZawiera rec. książki: Lalka i perła / Olga Tokarczuk. - Kraków, 2001.
=600  17$aPrus, Bolesław$d(1847-1912)$2DBN
=630  07$aLalka i perła$2DBN
=655  \7$aRecenzja$2DBN
=773  0\$iW:$tRes Publica Nowa.$x1230-2155.$g2002, nr 1, s. 79-81
=909  \\$ab000004007478x
=915  \\$aBZCz 2002/33399
=916  \\$aBorkowska, Grażyna   (1956- )
=930  07$aLalka i perła$2DBN
=955  \7$aRecenzja$2DBN
=980  \\$aArtykuły
=996  \\$a.b4007478x$9local$z48OMNIS_NLOP
=998  \\$ao$9local$z48OMNIS_NLOP
=999  \\$abzcz$bws$bag$bak$bkonw. 25/10/10(133123)$x09$y2002
  
