=LDR  01581naa a2200469 i 4500
=001  b0000004008418
=005  20221014143558.4
=008  021023s2002    pl           |000 0 pol  
=009  9910126099305606
=015  \\$aBZCz 2002/33454
=035  \\$a991004647279705066
=035  \\$a(PL-WaBN)b40084188-48omnis_nlop
=035  \\$ab40084188
=035  \\$a(OCoLC)998736490
=040  \\$aWA N$cWA N
=084  \\$a20.2.2
=100  1\$aWitkowski, Michał$d(1975- )
=245  10$a[Gra na wielu bębenkach - recenzja] /$cMichał Witkowski.
=260  \\$c2002.
=336  \\$aTekst$btxt$2rdacontent
=337  \\$aBez urządzenia pośredniczącego$bn$2rdamedia
=338  \\$aWolumin$bnc$2rdacarrier
=380  \\$aArtykuły
=520  8\$aZawiera rec. książki: Gra na wielu bębenkach / Olga Tokarczuk. - Wałbrzych, 2001.
=600  17$aTokarczuk, Olga$d(1962- )$2DBN
=630  07$aGra na wielu bębenkach$2DBN
=650  \7$aLiteratura polska$2DBN
=655  \7$aRecenzja literacka$2DBN
=658  \\$aLiteraturoznawstwo
=773  0\$iW:$tNowe Książki : przegląd nowości wydawniczych.$x0137-8562.$g2002, nr 2, s. 16-17
=909  \\$ab0000040084188
=915  \\$aBZCz 2002/33454
=916  \\$aWitkowski, Michał   (1975- )
=930  07$aGra na wielu bębenkach$2DBN
=955  \7$aRecenzja literacka$2DBN
=958  \\$aLiteraturoznawstwo
=980  \\$aArtykuły
=996  \\$a.b40084188$9local$z48OMNIS_NLOP
=998  \\$ao$9local$z48OMNIS_NLOP
=999  \\$abzcz$bMW$bag$bbw$bkonw. 25/10/10(134485)$x09$y2002
  
