=LDR  01520naa a2200469 i 4500
=001  b0000004013659
=005  20221015175104.3
=008  021220s2002    pl           |000 0 pol  
=009  9910340644305606
=015  \\$aBZCz 2002/43029
=035  \\$a991004850639705066
=035  \\$a(PL-WaBN)b40136590-48omnis_nlop
=035  \\$ab40136590
=035  \\$a(OCoLC)998219430
=040  \\$aWA N$cWA N
=084  \\$a20.2.2
=100  1\$aGłowacka, Aneta$d(1979- )
=245  10$a[Gra na wielu bębenkach - recenzja] /$cAneta Głowacka.
=260  \\$c2002.
=336  \\$aTekst$btxt$2rdacontent
=337  \\$aBez urządzenia pośredniczącego$bn$2rdamedia
=338  \\$aWolumin$bnc$2rdacarrier
=380  \\$aArtykuły
=520  8\$aZawiera rec. książki: Gra na wielu bębenkach / Olga Tokarczuk. - Wałbrzych, 2001.
=600  17$aTokarczuk, Olga$d(1962- )$2DBN
=630  07$aGra na wielu bębenkach$2DBN
=650  \7$aLiteratura polska$2DBN
=655  \7$aRecenzja literacka$2DBN
=658  \\$aLiteraturoznawstwo
=773  0\$iW:$tOpcje.$g2002, nr 2, s. 20-21
=909  \\$ab0000040136590
=915  \\$aBZCz 2002/43029
=916  \\$aGłowacka, Aneta   (1979- )
=930  07$aGra na wielu bębenkach$2DBN
=955  \7$aRecenzja literacka$2DBN
=958  \\$aLiteraturoznawstwo
=980  \\$aArtykuły
=996  \\$a.b40136590$9local$z48OMNIS_NLOP
=998  \\$ao$9local$z48OMNIS_NLOP
=999  \\$abzcz$bws$bko$bak$bkonw. 25/10/10(142457)$x11$y2002
  
