=LDR  01552naa a2200469 i 4500
=001  b0000004014196
=005  20221014143511.1
=008  021220s2002    pl           |000 0 pol  
=009  9910019940905606
=015  \\$aBZCz 2002/43031
=035  \\$a991004871859705066
=035  \\$a(PL-WaBN)b40141962-48omnis_nlop
=035  \\$ab40141962
=035  \\$a(OCoLC)998220360
=040  \\$aWA N$cWA N
=084  \\$a20.2.2
=100  1\$aMaliszewski, Karol$d(1960- )
=245  10$a[Gra na wielu bębenkach - recenzja] /$cKarol Maliszewski.
=260  \\$c2002.
=336  \\$aTekst$btxt$2rdacontent
=337  \\$aBez urządzenia pośredniczącego$bn$2rdamedia
=338  \\$aWolumin$bnc$2rdacarrier
=380  \\$aArtykuły
=520  8\$aZawiera rec. książki: Gra na wielu bębenkach / Olga Tokarczuk. - Wałbrzych, 2001.
=600  17$aTokarczuk, Olga$d(1962- )$2DBN
=630  07$aGra na wielu bębenkach$2DBN
=650  \7$aLiteratura polska$2DBN
=655  \7$aRecenzja literacka$2DBN
=658  \\$aLiteraturoznawstwo
=773  0\$iW:$tRes Publica Nowa.$x1230-2155.$g2002, nr 4, s. 105-107
=909  \\$ab0000040141962
=915  \\$aBZCz 2002/43031
=916  \\$aMaliszewski, Karol   (1960- )
=930  07$aGra na wielu bębenkach$2DBN
=955  \7$aRecenzja literacka$2DBN
=958  \\$aLiteraturoznawstwo
=980  \\$aArtykuły
=996  \\$a.b40141962$9local$z48OMNIS_NLOP
=998  \\$ao$9local$z48OMNIS_NLOP
=999  \\$abzcz$bws$bag$bjkr$bkonw. 25/10/10(143299)$x11$y2002
  
