=LDR  01549naa a2200469 i 4500
=001  b0000004014564
=005  20221015174855.0
=008  021220s2002    pl           |000 0 pol  
=009  9910435862905606
=015  \\$aBZCz 2002/43030
=035  \\$a991004885859705066
=035  \\$a(PL-WaBN)b40145645-48omnis_nlop
=035  \\$ab40145645
=035  \\$a(OCoLC)998221824
=040  \\$aWA N$cWA N
=084  \\$a20.2.2
=100  0\$aZamorska-Przyłuska, Ewa$d(1973- )
=245  10$a[Gra na wielu bębenkach - recenzja] /$cEwa Zamorska-Przyłuska.
=260  \\$c2002.
=336  \\$aTekst$btxt$2rdacontent
=337  \\$aBez urządzenia pośredniczącego$bn$2rdamedia
=338  \\$aWolumin$bnc$2rdacarrier
=380  \\$aArtykuły
=520  8\$aZawiera rec. książki: Gra na wielu bębenkach / Olga Tokarczuk. - Wałbrzych, 2001.
=600  17$aTokarczuk, Olga$d(1962- )$2DBN
=630  07$aGra na wielu bębenkach$2DBN
=650  \7$aLiteratura polska$2DBN
=655  \7$aRecenzja literacka$2DBN
=658  \\$aLiteraturoznawstwo
=773  0\$iW:$tStudium.$g2002, nr 2, s. 141-154
=909  \\$ab0000040145645
=915  \\$aBZCz 2002/43030
=916  \\$aZamorska-Przyłuska, Ewa   (1973- )
=930  07$aGra na wielu bębenkach$2DBN
=955  \7$aRecenzja literacka$2DBN
=958  \\$aLiteraturoznawstwo
=980  \\$aArtykuły
=996  \\$a.b40145645$9local$z48OMNIS_NLOP
=998  \\$ao$9local$z48OMNIS_NLOP
=999  \\$abzcz$bws$bko$bjkr$bkonw. 25/10/10(143852)$x11$y2002
  
