=LDR  01501naa a2200445 i 4500
=001  b0000004014961
=005  20221014143443.3
=008  021220s2002    pl           |000 0 pol  
=009  9910038695705606
=015  \\$aBZCz 2002/42980
=035  \\$a991004901459705066
=035  \\$a(PL-WaBN)b40149614-48omnis_nlop
=035  \\$ab40149614
=035  \\$a(OCoLC)998223867
=040  \\$aWA N$cWA N
=084  \\$a20.2.1
=100  0\$aKralkowska-Gątkowska, Krystyna$d(1949-2010)
=245  10$a[Lalka i perła - recenzja] /$cKrystyna Kralkowska-Gątkowska.
=260  \\$c2002.
=336  \\$aTekst$btxt$2rdacontent
=337  \\$aBez urządzenia pośredniczącego$bn$2rdamedia
=338  \\$aWolumin$bnc$2rdacarrier
=380  \\$aArtykuły
=520  8\$aZawiera rec. książki: Lalka i perła / Olga Tokarczuk. - Kraków, 2001.
=600  17$aPrus, Bolesław$d(1847-1912)$2DBN
=630  07$aLalka i perła$2DBN
=655  \7$aRecenzja$2DBN
=773  0\$iW:$tŚląsk : miesięcznik społeczno-kulturalny.$x1425-3917.$g2002, nr 5, s. 74
=909  \\$ab0000040149614
=915  \\$aBZCz 2002/42980
=916  \\$aKralkowska-Gątkowska, Krystyna   (1949-2010)
=930  07$aLalka i perła$2DBN
=955  \7$aRecenzja$2DBN
=980  \\$aArtykuły
=996  \\$a.b40149614$9local$z48OMNIS_NLOP
=998  \\$ao$9local$z48OMNIS_NLOP
=999  \\$abzcz$bjv$bew$bak$bkonw. 25/10/10(144362)$x11$y2002
  
