=LDR  01451naa a2200445 i 4500
=001  b0000004016375
=005  20221015175118.8
=008  030124s2001    pl           |000 0 pol  
=009  9910225584705606
=015  \\$aBZCz 2002/47795
=035  \\$a991004956549705066
=035  \\$a(PL-WaBN)b40163751-48omnis_nlop
=035  \\$ab40163751
=035  \\$a(OCoLC)998231063
=040  \\$aWA N$cWA N
=084  \\$a20.2.1
=100  1\$aMaciąg, Kazimierz$d(1965- )
=245  10$a[Lalka i perła - recenzja] /$cKazimierz Maciąg.
=260  \\$c2001.
=336  \\$aTekst$btxt$2rdacontent
=337  \\$aBez urządzenia pośredniczącego$bn$2rdamedia
=338  \\$aWolumin$bnc$2rdacarrier
=380  \\$aArtykuły
=520  8\$aZawiera rec. książki: Lalka i perła / Olga Tokarczuk. - Kraków, 2001.
=600  17$aPrus, Bolesław$d(1847-1912)$2DBN
=630  07$aLalka i perła$2DBN
=655  \7$aRecenzja$2DBN
=773  0\$iW:$tFraza : pismo literacko-społeczne.$x1230-4832.$g2001, nr 4, s. 273-275
=909  \\$ab0000040163751
=915  \\$aBZCz 2002/47795
=916  \\$aMaciąg, Kazimierz   (1965- )
=930  07$aLalka i perła$2DBN
=955  \7$aRecenzja$2DBN
=980  \\$aArtykuły
=996  \\$a.b40163751$9local$z48OMNIS_NLOP
=998  \\$ao$9local$z48OMNIS_NLOP
=999  \\$abzcz$bjt$bag$bmo$bkonw. 25/10/10(146779)$x12$y2002
  
