=LDR  01531naa a2200469 i 4500
=001  b0000004017500
=005  20221014143558.4
=008  030124s2002    pl           |000 0 pol  
=009  9910074325005606
=015  \\$aBZCz 2002/47858
=035  \\$a991005000249705066
=035  \\$a(PL-WaBN)b40175005-48omnis_nlop
=035  \\$ab40175005
=035  \\$a(OCoLC)998238237
=040  \\$aWA N$cWA N
=084  \\$a20.2.2
=100  1\$aMizerkiewicz, Tomasz$d(1971- )
=245  10$a[Gra na wielu bębenkach - recenzja] /$cTomasz Mizerkiewicz.
=260  \\$c2002.
=336  \\$aTekst$btxt$2rdacontent
=337  \\$aBez urządzenia pośredniczącego$bn$2rdamedia
=338  \\$aWolumin$bnc$2rdacarrier
=380  \\$aArtykuły
=520  8\$aZawiera rec. książki: Gra na wielu bębenkach / Olga Tokarczuk. - Wałbrzych, 2001.
=600  17$aTokarczuk, Olga$d(1962- )$2DBN
=630  07$aGra na wielu bębenkach$2DBN
=650  \7$aLiteratura polska$2DBN
=655  \7$aRecenzja literacka$2DBN
=658  \\$aLiteraturoznawstwo
=773  0\$iW:$tArkusz.$g2002, nr 6, s. 8-9
=909  \\$ab0000040175005
=915  \\$aBZCz 2002/47858
=916  \\$aMizerkiewicz, Tomasz   (1971- )
=930  07$aGra na wielu bębenkach$2DBN
=955  \7$aRecenzja literacka$2DBN
=958  \\$aLiteraturoznawstwo
=980  \\$aArtykuły
=996  \\$a.b40175005$9local$z48OMNIS_NLOP
=998  \\$ao$9local$z48OMNIS_NLOP
=999  \\$abzcz$bws$bko$bmo$bkonw. 25/10/10(148371)$x12$y2002
  
