=LDR  01609naa a2200469 i 4500
=001  b0000004018338
=005  20221015174909.2
=008  030124s2002    pl           |000 0 pol  
=009  9910220337505606
=015  \\$aBZCz 2002/47857
=035  \\$a991005032399705066
=035  \\$a(PL-WaBN)b40183385-48omnis_nlop
=035  \\$ab40183385
=035  \\$a(OCoLC)998245873
=040  \\$aWA N$cWA N
=084  \\$a20.2.2
=100  1\$aOstaszewski, Robert$d(1972- )
=245  10$a[Gra na wielu bębenkach - recenzja] /$cRobert Ostaszewski.
=260  \\$c2002.
=336  \\$aTekst$btxt$2rdacontent
=337  \\$aBez urządzenia pośredniczącego$bn$2rdamedia
=338  \\$aWolumin$bnc$2rdacarrier
=380  \\$aArtykuły
=520  8\$aZawiera rec. książki: Gra na wielu bębenkach / Olga Tokarczuk. - Wałbrzych, 2001.
=600  17$aTokarczuk, Olga$d(1962- )$2DBN
=630  07$aGra na wielu bębenkach$2DBN
=650  \7$aLiteratura polska$2DBN
=655  \7$aRecenzja literacka$2DBN
=658  \\$aLiteraturoznawstwo
=773  0\$iW:$tFA-art : kwartalnik Ruchu "Wolność i Pokój".$x1231-0158.$g2002, nr 1, s. 68-69$w(PL)b0000001298027
=909  \\$ab0000040183385
=915  \\$aBZCz 2002/47857
=916  \\$aOstaszewski, Robert   (1972- )
=930  07$aGra na wielu bębenkach$2DBN
=955  \7$aRecenzja literacka$2DBN
=958  \\$aLiteraturoznawstwo
=980  \\$aArtykuły
=996  \\$a.b40183385$9local$z48OMNIS_NLOP
=998  \\$ao$9local$z48OMNIS_NLOP
=999  \\$abzcz$bhm$bko$bjkr$bkonw. 25/10/10(149609)$x12$y2002$amerk
  
