=LDR  01489naa a2200445 i 4500
=001  b0000004026110
=005  20221015175021.1
=008  010508s2000    pl           |000 0 pol  
=009  9910194083605606
=015  \\$aBZCz 2001/13692
=035  \\$a991005334369705066
=035  \\$a(PL-WaBN)b40261104-48omnis_nlop
=035  \\$ab40261104
=035  \\$a(OCoLC)998352269
=040  \\$aWA N$cWA N
=084  \\$a20.2.1
=100  1\$aTokarczuk, Olga$d(1962- )
=245  10$aTajemne porządki świata /$cOlga Tokarczuk ; rozm. przepr. Stanisław Bereś ; oprac. Konstancja Reklewska, S. Bereś.
=260  \\$c2000.
=336  \\$aTekst$btxt$2rdacontent
=337  \\$aBez urządzenia pośredniczącego$bn$2rdamedia
=338  \\$aWolumin$bnc$2rdacarrier
=380  \\$aArtykuły
=600  17$aTokarczuk, Olga$d(1962- )$2DBN
=655  \7$aŹródła historyczne$2DBN
=700  1\$aBereś, Stanisław$d(1950- )$eRozm. przepr.
=773  0\$iW:$tOdra (Wrocław).$g2000, nr 7/8, s. 60-65
=909  \\$ab0000040261104
=915  \\$aBZCz 2001/13692
=916  \\$aTokarczuk, Olga   (1962- )
=918  1\$aBereś, Stanisław$d(1950- )
=955  \7$aŹródła historyczne$2DBN
=980  \\$aArtykuły
=996  \\$a.b40261104$9local$z48OMNIS_NLOP
=998  \\$ao$9local$z48OMNIS_NLOP
=999  \\$abzcz$bjv$bag$bak$bkonw. 25/10/10(160425)$x03$y2001
  
