=LDR  01578naa a2200433 i 4500
=001  b0000004031552
=005  20221015175050.0
=008  010627s2000    pl           |000 0 pol  
=009  9910383547905606
=015  \\$aBZCz 2001/23996
=035  \\$a991005546799705066
=035  \\$a(PL-WaBN)b40315526-48omnis_nlop
=035  \\$ab40315526
=035  \\$a(OCoLC)998431945
=040  \\$aWA N$cWA N$dWA N
=084  \\$a20.2.2
=100  1\$aMizuro, Marta$d(1970- )
=245  10$a[Opowieści wigilijne - recenzja] /$cMarta Mizuro.
=260  \\$c2000.
=336  \\$aTekst$btxt$2rdacontent
=337  \\$aBez urządzenia pośredniczącego$bn$2rdamedia
=338  \\$aWolumin$bnc$2rdacarrier
=380  \\$aArtykuły
=520  8\$aZawiera rec. książki: Opowieści wigilijne / Jerzy Pilch, Olga Tokarczuk, Andrzej Stasiuk. - Wałbrzych, 2000.
=600  17$aPilch, Jerzy$d(1952-2020).$tOpowieści wigilijne$2DBN
=600  17$aStasiuk, Andrzej$d(1960- ).$tOpowieści wigilijne$2DBN
=655  \7$aRecenzja literacka$2DBN
=773  0\$iW:$tFA-art : kwartalnik Ruchu "Wolność i Pokój".$x1231-0158$g2000, nr 4, s. 66-67$w(PL)b0000001298027
=909  \\$ab0000040315526
=915  \\$aBZCz 2001/23996
=916  \\$aMizuro, Marta   (1970- )
=955  \7$aRecenzja literacka$2DBN
=980  \\$aArtykuły
=996  \\$a.b40315526$9local$z48OMNIS_NLOP
=998  \\$ao$9local$z48OMNIS_NLOP
=999  \\$abzcz$bjv$bko$bbw$bkonw. 25/10/10(168544)$x05$y2001
  
