=LDR  01429naa a2200421 i 4500
=001  b0000004037788
=005  20221015175035.5
=008  010928s2000    pl           |000 0 pol  
=009  9910166791905606
=015  \\$aBZCz 2001/35222
=035  \\$a991005789029705066
=035  \\$a(PL-WaBN)b4037788x-48omnis_nlop
=035  \\$ab4037788x
=035  \\$a(OCoLC)998525280
=040  \\$aWA N$cWA N
=080  \\$a821.162.1(091)(045/046)
=100  1\$aPodsiadło, Jacek$d(1964- )
=245  10$a[Dom dzienny, dom nocny - recenzja] /$cJacek Podsiadło.
=260  \\$c2000.
=336  \\$aTekst$btxt$2rdacontent
=337  \\$aBez urządzenia pośredniczącego$bn$2rdamedia
=338  \\$aWolumin$bnc$2rdacarrier
=380  \\$aArtykuły
=520  8\$aZawiera rec. książki: Dom dzienny, dom nocny / Olga Tokarczuk. - Wałbrzych, 1998.
=600  17$aTokarczuk, Olga$d(1962- ).$tDom dzienny, dom nocny$2DBN
=655  \7$aRecenzja literacka$2DBN
=773  0\$iW:$tRes Publica Nowa.$x1230-2155.$g2000, nr 12, s. 95-96
=909  \\$ab000004037788x
=915  \\$aBZCz 2001/35222
=916  \\$aPodsiadło, Jacek   (1964- )
=931  \\$a821.162.1(091)(045/046)
=955  \7$aRecenzja literacka$2DBN
=980  \\$aArtykuły
=996  \\$a.b4037788x$9local$z48OMNIS_NLOP
=998  \\$ao$9local$z48OMNIS_NLOP
=999  \\$abzcz$bws$bag$bjkr$bkonw. 25/10/10(177509)$x07$y2001
  
