=LDR  01237naa a2200373 i 4500
=001  b0000004043573
=005  20221014143614.2
=008  011128s2001    pl           |000 0 pol  
=009  9910011146805606
=015  \\$aBZCz 2001/45599
=035  \\$a991006015999705066
=035  \\$a(PL-WaBN)b40435738-48omnis_nlop
=035  \\$ab40435738
=035  \\$a(OCoLC)998608833
=040  \\$aWA N$cWA N
=084  \\$a20.2.1
=100  1\$aChmielewska, Katarzyna$d(1971- )
=245  10$aRealizm magiczny po polsku albo popyt na odwieczną mądrość /$cKatarzyna Chmielewska.
=260  \\$c2001.
=336  \\$aTekst$btxt$2rdacontent
=337  \\$aBez urządzenia pośredniczącego$bn$2rdamedia
=338  \\$aWolumin$bnc$2rdacarrier
=380  \\$aArtykuły
=600  17$aTokarczuk, Olga$d(1962- )$2DBN
=773  0\$iW:$tBez Dogmatu : miesięcznik kulturalno-polityczny.$x1231-1162.$gNr 47 (2001), s. 30
=909  \\$ab0000040435738
=915  \\$aBZCz 2001/45599
=916  \\$aChmielewska, Katarzyna   (1971- )
=980  \\$aArtykuły
=996  \\$a.b40435738$9local$z48OMNIS_NLOP
=998  \\$ao$9local$z48OMNIS_NLOP
=999  \\$abzcz$bhm$bag$bbw$bkonw. 25/10/10(185902)$x10$y2001
  
