=LDR  01230naa a2200397 i 4500
=001  b0000004046720
=005  20221015175118.8
=008  011231s2000    pl           |000 0 pol  
=009  9910269326005606
=015  \\$aBZCz 2001/50855
=035  \\$a991006138369705066
=035  \\$a(PL-WaBN)b4046720x-48omnis_nlop
=035  \\$ab4046720x
=035  \\$a(OCoLC)998652991
=040  \\$aWA N$cWA N
=084  \\$a20.2.1
=100  1\$aTokarczuk, Olga$d(1962- )
=245  10$aWracaj do nas, jak tylko będziesz mogła /$cOlga Tokarczuk.
=260  \\$c2000.
=336  \\$aTekst$btxt$2rdacontent
=337  \\$aBez urządzenia pośredniczącego$bn$2rdamedia
=338  \\$aWolumin$bnc$2rdacarrier
=380  \\$aArtykuły
=600  17$aTokarczuk, Olga$d(1962- )$2DBN
=655  \7$aŹródła historyczne$2DBN
=773  0\$iW:$tTytuł.$g2000, nr 3, s. 122-132
=909  \\$ab000004046720x
=915  \\$aBZCz 2001/50855
=916  \\$aTokarczuk, Olga   (1962- )
=955  \7$aŹródła historyczne$2DBN
=980  \\$aArtykuły
=996  \\$a.b4046720x$9local$z48OMNIS_NLOP
=998  \\$ao$9local$z48OMNIS_NLOP
=999  \\$abzcz$bjv$bko$bak$bkonw. 25/10/10(190391)$x11$y2001
  
