=LDR  01431naa a2200421 i 4500
=001  b0000004047818
=005  20221014143614.2
=008  011231s2001    pl           |000 0 pol  
=009  9910517455805606
=015  \\$aBZCz 2001/50896
=035  \\$a991006180899705066
=035  \\$a(PL-WaBN)b4047818x-48omnis_nlop
=035  \\$ab4047818x
=035  \\$a(OCoLC)998669019
=040  \\$aWA N$cWA N
=080  \\$a821.162.1(091)(045/046)
=100  1\$aDampz, Magdalena$d(1975- )
=245  10$a[Dom dzienny, dom nocny - recenzja] /$cMagdalena Dampz.
=260  \\$c2001.
=336  \\$aTekst$btxt$2rdacontent
=337  \\$aBez urządzenia pośredniczącego$bn$2rdamedia
=338  \\$aWolumin$bnc$2rdacarrier
=380  \\$aArtykuły
=520  8\$aZawiera rec. książki: Dom dzienny, dom nocny / Olga Tokarczuk. - Wałbrzych, 1998.
=600  17$aTokarczuk, Olga$d(1962- ).$tDom dzienny, dom nocny$2DBN
=655  \7$aRecenzja literacka$2DBN
=773  0\$iW:$tPAL Przegląd Artystyczno-Literacki.$g2001, nr 3, s. 89-93
=909  \\$ab000004047818x
=915  \\$aBZCz 2001/50896
=916  \\$aDampz, Magdalena   (1975- )
=931  \\$a821.162.1(091)(045/046)
=955  \7$aRecenzja literacka$2DBN
=980  \\$aArtykuły
=996  \\$a.b4047818x$9local$z48OMNIS_NLOP
=998  \\$ao$9local$z48OMNIS_NLOP
=999  \\$abzcz$bMW$bko$bak$bkonw. 25/10/10(192056)$x11$y2001
  
