=LDR  01402naa a2200421 i 4500
=001  b0000004056251
=005  20221014143614.2
=008  000324s1999    pl           |000 0 pol  
=009  9910005545605606
=015  \\$aBZCz 2000/7957
=035  \\$a991006506779705066
=035  \\$a(PL-WaBN)b40562517-48omnis_nlop
=035  \\$ab40562517
=035  \\$a(OCoLC)995372433
=040  \\$aWA N$cWA N
=080  \\$a821.162.1(091)(045/046)
=100  1\$aOrski, Mieczysław$d(1943- )
=245  10$a[Dom dzienny, dom nocny - recenzja] /$cMieczysław Orski.
=260  \\$c1999.
=336  \\$aTekst$btxt$2rdacontent
=337  \\$aBez urządzenia pośredniczącego$bn$2rdamedia
=338  \\$aWolumin$bnc$2rdacarrier
=380  \\$aArtykuły
=520  8\$aZawiera rec. książki: Dom dzienny, dom nocny / Olga Tokarczuk. - Wałbrzych, 1998.
=600  17$aTokarczuk, Olga$d(1962- ).$tDom dzienny, dom nocny$2DBN
=655  \7$aRecenzja literacka$2DBN
=773  0\$iW:$tArkusz.$g1999, nr 8, s. 7
=909  \\$ab0000040562517
=915  \\$aBZCz 2000/7957
=916  \\$aOrski, Mieczysław   (1943- )
=931  \\$a821.162.1(091)(045/046)
=955  \7$aRecenzja literacka$2DBN
=980  \\$aArtykuły
=996  \\$a.b40562517$9local$z48OMNIS_NLOP
=998  \\$ao$9local$z48OMNIS_NLOP
=999  \\$abzcz$bjt$bjb$bak$bkonw. 25/10/10(203914)$x02$y2000
  
