=LDR  01425naa a2200421 i 4500
=001  b0000004064886
=005  20221014143443.3
=008  000630s1999    pl           |000 0 pol  
=009  9910041849305606
=015  \\$aBZCz 2000/23451
=035  \\$a991006843369705066
=035  \\$a(PL-WaBN)b40648862-48omnis_nlop
=035  \\$ab40648862
=035  \\$a(OCoLC)995396632
=040  \\$aWA N$cWA N
=080  \\$a821.162.1(091)(045/046)
=100  1\$aOrski, Mieczysław$d(1943- )
=245  10$a[Dom dzienny, dom nocny - recenzja] /$cMieczysław Orski.
=260  \\$c1999.
=336  \\$aTekst$btxt$2rdacontent
=337  \\$aBez urządzenia pośredniczącego$bn$2rdamedia
=338  \\$aWolumin$bnc$2rdacarrier
=380  \\$aArtykuły
=520  8\$aZawiera rec. książki: Dom dzienny, dom nocny / Olga Tokarczuk. - Wałbrzych, 1998.
=600  17$aTokarczuk, Olga$d(1962- ).$tDom dzienny, dom nocny$2DBN
=655  \7$aRecenzja literacka$2DBN
=773  0\$iW:$tPrzegląd Powszechny.$g1999, nr 11, s. 238-240
=909  \\$ab0000040648862
=915  \\$aBZCz 2000/23451
=916  \\$aOrski, Mieczysław   (1943- )
=931  \\$a821.162.1(091)(045/046)
=955  \7$aRecenzja literacka$2DBN
=980  \\$aArtykuły
=996  \\$a.b40648862$9local$z48OMNIS_NLOP
=998  \\$ao$9local$z48OMNIS_NLOP
=999  \\$abzcz$bws$bjb$bbw$bkonw. 25/10/10(215849)$x05$y2000
  
