=LDR  01434naa a2200421 i 4500
=001  b0000004064973
=005  20221015174923.6
=008  000630s1999    pl           |000 0 pol  
=009  9910329714505606
=015  \\$aBZCz 2000/23450
=035  \\$a991006846889705066
=035  \\$a(PL-WaBN)b40649738-48omnis_nlop
=035  \\$ab40649738
=035  \\$a(OCoLC)995396746
=040  \\$aWA N$cWA N
=080  \\$a821.162.1(091)(045/046)
=100  1\$aLengren, Magda
=245  10$a[Dom dzienny, dom nocny - recenzja] /$cMagda Lengren.
=260  \\$c1999.
=336  \\$aTekst$btxt$2rdacontent
=337  \\$aBez urządzenia pośredniczącego$bn$2rdamedia
=338  \\$aWolumin$bnc$2rdacarrier
=380  \\$aArtykuły
=520  8\$aZawiera rec. książki: Dom dzienny, dom nocny / Olga Tokarczuk. - Wałbrzych, 1998.
=600  17$aTokarczuk, Olga$d(1962- ).$tDom dzienny, dom nocny$2DBN
=655  \7$aRecenzja literacka$2DBN
=773  0\$iW:$tTwórczość : miesięcznik literacko-krytyczny.$x0041-4727.$g1999, nr 11, s. 127-129
=909  \\$ab0000040649738
=915  \\$aBZCz 2000/23450
=916  \\$aLengren, Magda   
=931  \\$a821.162.1(091)(045/046)
=955  \7$aRecenzja literacka$2DBN
=980  \\$aArtykuły
=996  \\$a.b40649738$9local$z48OMNIS_NLOP
=998  \\$ao$9local$z48OMNIS_NLOP
=999  \\$abzcz$bMW$bko$bbw$bkonw. 25/10/10(215975)$x05$y2000
  
