=LDR  01165naa a2200373 i 4500
=001  b0000004064983
=005  20221014143459.1
=008  000630s1999    pl           |000 0 pol  
=009  9910511108705606
=015  \\$aBZCz 2000/23425
=035  \\$a991006847239705066
=035  \\$a(PL-WaBN)b40649830-48omnis_nlop
=035  \\$ab40649830
=035  \\$a(OCoLC)995396698
=040  \\$aWA N$cWA N
=084  \\$a20.2.1
=100  1\$aŁukosz, Jerzy$d(1958- )
=245  10$aZiemia Olgi /$cJerzy Łukosz.
=260  \\$c1999.
=336  \\$aTekst$btxt$2rdacontent
=337  \\$aBez urządzenia pośredniczącego$bn$2rdamedia
=338  \\$aWolumin$bnc$2rdacarrier
=380  \\$aArtykuły
=600  17$aTokarczuk, Olga$d(1962- )$2DBN
=773  0\$iW:$tTwórczość : miesięcznik literacko-krytyczny.$x0041-4727.$g1999, nr 11, s. 146-147
=909  \\$ab0000040649830
=915  \\$aBZCz 2000/23425
=916  \\$aŁukosz, Jerzy   (1958- )
=980  \\$aArtykuły
=996  \\$a.b40649830$9local$z48OMNIS_NLOP
=998  \\$ao$9local$z48OMNIS_NLOP
=999  \\$abzcz$bMW$bko$bbw$bkonw. 25/10/10(215985)$x05$y2000
  
