=LDR  01420naa a2200421 i 4500
=001  b0000004070978
=005  20221015174923.6
=008  000922s1997    pl           |000 0 pol  
=009  9910168077205606
=015  \\$aBZCz 2000/36122
=035  \\$a991007080269705066
=035  \\$a(PL-WaBN)b40709784-48omnis_nlop
=035  \\$ab40709784
=035  \\$a(OCoLC)995411298
=040  \\$aWA N$cWA N
=080  \\$a821.162.1(091)(045/046)
=100  1\$aMaliszewski, Karol$d(1960- )
=245  10$a[Dom dzienny, dom nocny - recenzja] /$cKarol Maliszewski.
=260  \\$c1997.
=336  \\$aTekst$btxt$2rdacontent
=337  \\$aBez urządzenia pośredniczącego$bn$2rdamedia
=338  \\$aWolumin$bnc$2rdacarrier
=380  \\$aArtykuły
=520  8\$aZawiera rec. książki: Dom dzienny, dom nocny / Olga Tokarczuk. - Wałbrzych, 1998.
=600  17$aTokarczuk, Olga$d(1962- ).$tDom dzienny, dom nocny$2DBN
=655  \7$aRecenzja literacka$2DBN
=773  0\$iW:$tPomosty.$g[T.] 2/3, (1997/98), s. 202-203
=909  \\$ab0000040709784
=915  \\$aBZCz 2000/36122
=916  \\$aMaliszewski, Karol   (1960- )
=931  \\$a821.162.1(091)(045/046)
=955  \7$aRecenzja literacka$2DBN
=980  \\$aArtykuły
=996  \\$a.b40709784$9local$z48OMNIS_NLOP
=998  \\$ao$9local$z48OMNIS_NLOP
=999  \\$abzcz$bjv$bko$bak$bkonw. 25/10/10(224393)$x07$y2000
  
