=LDR  01446naa a2200421 i 4500
=001  b0000004073540
=005  20221014143443.3
=008  000922s2000    pl           |000 0 pol  
=009  9910333570405606
=015  \\$aBZCz 2000/36121
=035  \\$a991007149089705066
=035  \\$a(PL-WaBN)b40735400-48omnis_nlop
=035  \\$ab40735400
=035  \\$a(OCoLC)995414893
=040  \\$aWA N$cWA N
=080  \\$a821.162.1(091)(045/046)
=100  1\$aŚwiderski, Bronisław$d(1946- )
=245  10$a[Dom dzienny, dom nocny - recenzja] /$cBronisław Świderski.
=260  \\$c2000.
=336  \\$aTekst$btxt$2rdacontent
=337  \\$aBez urządzenia pośredniczącego$bn$2rdamedia
=338  \\$aWolumin$bnc$2rdacarrier
=380  \\$aArtykuły
=520  8\$aZawiera rec. książki: Dom dzienny, dom nocny / Olga Tokarczuk. - Wałbrzych, 1998.
=600  17$aTokarczuk, Olga$d(1962- ).$tDom dzienny, dom nocny$2DBN
=655  \7$aRecenzja literacka$2DBN
=773  0\$iW:$tRes Publica Nowa.$x1230-2155.$g2000, nr 1/2, s. 108-110
=909  \\$ab0000040735400
=915  \\$aBZCz 2000/36121
=916  \\$aŚwiderski, Bronisław   (1946- )
=931  \\$a821.162.1(091)(045/046)
=955  \7$aRecenzja literacka$2DBN
=980  \\$aArtykuły
=996  \\$a.b40735400$9local$z48OMNIS_NLOP
=998  \\$ao$9local$z48OMNIS_NLOP
=999  \\$abzcz$bjv$bag$bbw$bkonw. 25/10/10(227012)$x07$y2000
  
