=LDR  01400naa a2200421 i 4500
=001  b0000004086475
=005  20221014143459.1
=008  001128s1999    pl           |000 0 pol  
=009  9910013078705606
=015  \\$aBZCz 2000/47190
=035  \\$a991007398099705066
=035  \\$a(PL-WaBN)b40864753-48omnis_nlop
=035  \\$ab40864753
=035  \\$a(OCoLC)995430174
=040  \\$aWA N$cWA N
=080  \\$a821.162.1(091)(045/046)
=100  1\$aSzurek, Joanna
=245  10$a[Dom dzienny, dom nocny - recenzja] /$cJoanna Szurek.
=260  \\$c1999.
=336  \\$aTekst$btxt$2rdacontent
=337  \\$aBez urządzenia pośredniczącego$bn$2rdamedia
=338  \\$aWolumin$bnc$2rdacarrier
=380  \\$aArtykuły
=520  8\$aZawiera rec. książki: Dom dzienny, dom nocny / Olga Tokarczuk. - Wałbrzych, 1998.
=600  17$aTokarczuk, Olga$d(1962- ).$tDom dzienny, dom nocny$2DBN
=655  \7$aRecenzja literacka$2DBN
=773  0\$iW:$tWarsztaty Polonistyczne.$g1999, [nr] 4, s. 124-128
=909  \\$ab0000040864753
=915  \\$aBZCz 2000/47190
=916  \\$aSzurek, Joanna   
=931  \\$a821.162.1(091)(045/046)
=955  \7$aRecenzja literacka$2DBN
=980  \\$aArtykuły
=996  \\$a.b40864753$9local$z48OMNIS_NLOP
=998  \\$ao$9local$z48OMNIS_NLOP
=999  \\$abzcz$bMW$bko$bjkr$bkonw. 25/10/10(236116)$x10$y2000
  
