=LDR  01228naa a2200373 i 4500
=001  b0000004087573
=005  20221014143558.4
=008  001128s1999    pl           |000 0 pol  
=009  9910504308405606
=015  \\$aBZCz 2000/47164
=035  \\$a991007420859705066
=035  \\$a(PL-WaBN)b40875738-48omnis_nlop
=035  \\$ab40875738
=035  \\$a(OCoLC)995431443
=040  \\$aWA N$cWA N
=084  \\$a20.2.1
=100  0\$aRabizo-Birek, Magdalena$d(1964- )
=245  10$a"Jeśli znajdziesz swoje miejsce, będziesz nieśmiertelna" /$cMagdalena Rabizo-Birek.
=260  \\$c1999.
=336  \\$aTekst$btxt$2rdacontent
=337  \\$aBez urządzenia pośredniczącego$bn$2rdamedia
=338  \\$aWolumin$bnc$2rdacarrier
=380  \\$aArtykuły
=600  17$aTokarczuk, Olga$d(1962- )$2DBN
=773  0\$iW:$tFraza : pismo literacko-społeczne.$x1230-4832.$g1999, nr 2/3, s. 224-229
=909  \\$ab0000040875738
=915  \\$aBZCz 2000/47164
=916  \\$aRabizo-Birek, Magdalena   (1964- )
=980  \\$aArtykuły
=996  \\$a.b40875738$9local$z48OMNIS_NLOP
=998  \\$ao$9local$z48OMNIS_NLOP
=999  \\$abzcz$bjv$bko$bbw$bkonw. 25/10/10(237052)$x10$y2000
  
