=LDR  01324naa a2200409 i 4500
=001  b0000004088376
=005  20221015175006.7
=008  001128s2000    pl           |000 0 pol  
=009  9910485421405606
=015  \\$aBZCz 2000/47163
=035  \\$a991007436439705066
=035  \\$a(PL-WaBN)b40883760-48omnis_nlop
=035  \\$ab40883760
=035  \\$a(OCoLC)995432272
=040  \\$aWA N$cWA N
=084  \\$a20.2.1
=100  1\$aBieńkowska, Magdalena
=245  10$aHoffmann - Schulz - Tokarczuk - estetyczne powinowactwa /$cMagdalena Bieńkowska.
=260  \\$c2000.
=336  \\$aTekst$btxt$2rdacontent
=337  \\$aBez urządzenia pośredniczącego$bn$2rdamedia
=338  \\$aWolumin$bnc$2rdacarrier
=380  \\$aArtykuły
=600  17$aHoffmann, E. T. A.$d(1776-1822)$2DBN
=600  17$aSchulz, Bruno$d(1892-1942)$2DBN
=773  0\$iW:$tKresy.$g2000, nr 1, s. 239-250
=909  \\$ab0000040883760
=915  \\$aBZCz 2000/47163
=916  \\$aBieńkowska, Magdalena   
=980  \\$aArtykuły
=996  \\$a.b40883760$9local$z48OMNIS_NLOP
=998  \\$ao$9local$z48OMNIS_NLOP
=999  \\$abzcz$bjv$bko$bak$bkonw. 25/10/10(237681)$x10$y2000
=999  \\$aDBN01$ckor
  
