=LDR  01469naa a2200469 i 4500
=001  b0000004103738
=005  20221014143526.9
=008  990219s1998    pl           |000 0 pol  
=009  9910058819505606
=015  \\$aBZCz 1999/3523
=035  \\$a991007736249705066
=035  \\$a(PL-WaBN)b41037388-48omnis_nlop
=035  \\$ab41037388
=035  \\$a(OCoLC)995449393
=040  \\$aWA N$cWA N
=084  \\$a20.2.2
=100  1\$aCzachowska, Agnieszka
=245  10$a[Szafa - recenzja] /$cAgnieszka Czachowska.
=260  \\$c1998.
=336  \\$aTekst$btxt$2rdacontent
=337  \\$aBez urządzenia pośredniczącego$bn$2rdamedia
=338  \\$aWolumin$bnc$2rdacarrier
=380  \\$aArtykuły
=520  8\$aZawiera rec. książki: Szafa / Olga Tokarczuk. - Lublin, 1997.
=600  17$aTokarczuk, Olga$d(1962- )$2DBN
=630  07$aSzafa$2DBN
=650  \7$aLiteratura polska$2DBN
=655  \7$aRecenzja literacka$2DBN
=658  \\$aLiteraturoznawstwo
=773  0\$iW:$tPAL Przegląd Artystyczno-Literacki.$g1998, nr 9, s. 157-159
=909  \\$ab0000041037388
=915  \\$aBZCz 1999/3523
=916  \\$aCzachowska, Agnieszka   
=930  07$aSzafa$2DBN
=955  \7$aRecenzja literacka$2DBN
=958  \\$aLiteraturoznawstwo
=980  \\$aArtykuły
=996  \\$a.b41037388$9local$z48OMNIS_NLOP
=998  \\$ao$9local$z48OMNIS_NLOP
=999  \\$abzcz$bjv$bko$bbw$bkonw. 25/10/10(248726)$x01$y99
  
