=LDR  01399naa a2200421 i 4500
=001  b0000004120565
=005  20221015174840.4
=008  990618s1999    pl           |000 0 pol  
=009  9910217165405606
=015  \\$aBZCz 1999/19389
=035  \\$a991008106139705066
=035  \\$a(PL-WaBN)b41205650-48omnis_nlop
=035  \\$ab41205650
=035  \\$a(OCoLC)995639437
=040  \\$aWA N$cWA N
=080  \\$a821.162.1(091)(045/046)
=100  1\$aKoźbiel, Janina$d(1955- )
=245  10$a[Dom dzienny, dom nocny - recenzja] /$cJanina Koźbiel.
=260  \\$c1999.
=336  \\$aTekst$btxt$2rdacontent
=337  \\$aBez urządzenia pośredniczącego$bn$2rdamedia
=338  \\$aWolumin$bnc$2rdacarrier
=380  \\$aArtykuły
=520  8\$aZawiera rec. książki: Dom dzienny, dom nocny / Olga Tokarczuk. - Wałbrzych, 1998.
=600  17$aTokarczuk, Olga$d(1962- ).$tDom dzienny, dom nocny$2DBN
=655  \7$aRecenzja literacka$2DBN
=773  0\$iW:$tSycyna.$g1999, nr 3/4, s. 19
=909  \\$ab0000041205650
=915  \\$aBZCz 1999/19389
=916  \\$aKoźbiel, Janina   (1955- )
=931  \\$a821.162.1(091)(045/046)
=955  \7$aRecenzja literacka$2DBN
=980  \\$aArtykuły
=996  \\$a.b41205650$9local$z48OMNIS_NLOP
=998  \\$ao$9local$z48OMNIS_NLOP
=999  \\$abzcz$bun$bew$bak$bkonw. 25/10/10(260553)$x05$y99
  
