=LDR  01436naa a2200421 i 4500
=001  b0000004123870
=005  20221015175035.5
=008  990729s1999    pl           |000 0 pol  
=009  9910328968505606
=015  \\$aBZCz 1999/23501
=035  \\$a991008160509705066
=035  \\$a(PL-WaBN)b41238709-48omnis_nlop
=035  \\$ab41238709
=035  \\$a(OCoLC)995644119
=040  \\$aWA N$cWA N
=080  \\$a821.162.1(091)(045/046)
=100  1\$aGosk, Hanna$d(1952- )
=245  10$a[Dom dzienny, dom nocny - recenzja] /$cHanna Gosk.
=260  \\$c1999.
=336  \\$aTekst$btxt$2rdacontent
=337  \\$aBez urządzenia pośredniczącego$bn$2rdamedia
=338  \\$aWolumin$bnc$2rdacarrier
=380  \\$aArtykuły
=520  8\$aZawiera rec. książki: Dom dzienny, dom nocny / Olga Tokarczuk. - Wałbrzych, 1998.
=600  17$aTokarczuk, Olga$d(1962- ).$tDom dzienny, dom nocny$2DBN
=655  \7$aRecenzja literacka$2DBN
=773  0\$iW:$tNowe Książki : przegląd nowości wydawniczych.$x0137-8562.$g1999, nr 2, s. 21
=909  \\$ab0000041238709
=915  \\$aBZCz 1999/23501
=916  \\$aGosk, Hanna   (1952- )
=931  \\$a821.162.1(091)(045/046)
=955  \7$aRecenzja literacka$2DBN
=980  \\$aArtykuły
=996  \\$a.b41238709$9local$z48OMNIS_NLOP
=998  \\$ao$9local$z48OMNIS_NLOP
=999  \\$abzcz$bew$bko$bbw$bkonw. 25/10/10(262925)$x06$y99
  
