=LDR  01472naa a2200421 i 4500
=001  b0000004134637
=005  20221015175133.2
=008  991028s1999    pl           |000 0 pol  
=009  9910419612405606
=015  \\$aBZCz 1999/34383
=035  \\$a991008352719705066
=035  \\$a(PL-WaBN)b41346373-48omnis_nlop
=035  \\$ab41346373
=035  \\$a(OCoLC)995660168
=040  \\$aWA N$cWA N
=080  \\$a821.162.1(091)(045/046)
=100  1\$aNowacki, Dariusz$d(1965- )
=245  10$a[Dom dzienny, dom nocny - recenzja] /$cDariusz Nowacki.
=260  \\$c1999.
=336  \\$aTekst$btxt$2rdacontent
=337  \\$aBez urządzenia pośredniczącego$bn$2rdamedia
=338  \\$aWolumin$bnc$2rdacarrier
=380  \\$aArtykuły
=520  8\$aZawiera rec. książki: Dom dzienny, dom nocny / Olga Tokarczuk. - Wałbrzych, 1998.
=600  17$aTokarczuk, Olga$d(1962- ).$tDom dzienny, dom nocny$2DBN
=655  \7$aRecenzja literacka$2DBN
=773  0\$iW:$tFA-art : kwartalnik Ruchu "Wolność i Pokój".$x1231-0158.$g1999, nr 1, s. 43-45$w(PL)b0000001298027
=909  \\$ab0000041346373
=915  \\$aBZCz 1999/34383
=916  \\$aNowacki, Dariusz   (1965- )
=931  \\$a821.162.1(091)(045/046)
=955  \7$aRecenzja literacka$2DBN
=980  \\$aArtykuły
=996  \\$a.b41346373$9local$z48OMNIS_NLOP
=998  \\$ao$9local$z48OMNIS_NLOP
=999  \\$abzcz$bjv$bko$bak$bkonw. 25/10/10(270644)$x09$y99
  
