=LDR  01349naa a2200409 i 4500
=001  b0000004137088
=005  20221014143511.1
=008  991028s1998    pl           |000 0 pol  
=009  9910496627905606
=015  \\$aBZCz 1999/34416
=035  \\$a991008397599705066
=035  \\$a(PL-WaBN)b41370880-48omnis_nlop
=035  \\$ab41370880
=035  \\$a(OCoLC)995663866
=040  \\$aWA N$cWA N
=084  \\$a20.2.2
=100  1\$aKula, Edward$d(1914-1999)
=245  10$a[Prawiek i inne czasy - recenzja] /$cEdward Kula.
=260  \\$c1998.
=336  \\$aTekst$btxt$2rdacontent
=337  \\$aBez urządzenia pośredniczącego$bn$2rdamedia
=338  \\$aWolumin$bnc$2rdacarrier
=380  \\$aArtykuły
=520  8\$aZawiera rec. książki: Prawiek i inne czasy / Olga Tokarczuk. - Warszawa, 1997.
=600  17$aTokarczuk, Olga$d(1962- ).$tPrawiek i inne czasy$2DBN
=655  \7$aRecenzja literacka$2DBN
=773  0\$iW:$tWarsztaty Polonistyczne.$g1998, nr 4, s. 130-131
=909  \\$ab0000041370880
=915  \\$aBZCz 1999/34416
=916  \\$aKula, Edward   (1914-1999)
=955  \7$aRecenzja literacka$2DBN
=980  \\$aArtykuły
=996  \\$a.b41370880$9local$z48OMNIS_NLOP
=998  \\$ao$9local$z48OMNIS_NLOP
=999  \\$abzcz$bhg$bko$bjkr$bkonw. 25/10/10(272315)$x09$y99
  
