=LDR  01418naa a2200421 i 4500
=001  b0000004138626
=005  20221014143614.2
=008  991028s1999    pl           |000 0 pol  
=009  9910373937005606
=015  \\$aBZCz 1999/34384
=035  \\$a991008426719705066
=035  \\$a(PL-WaBN)b41386267-48omnis_nlop
=035  \\$ab41386267
=035  \\$a(OCoLC)995666026
=040  \\$aWA N$cWA N
=080  \\$a821.162.1(091)(045/046)
=100  1\$aMasłoń, Krzysztof$d(1953- )
=245  10$a[Dom dzienny, dom nocny - recenzja] /$cKrzysztof Masłoń.
=260  \\$c1999.
=336  \\$aTekst$btxt$2rdacontent
=337  \\$aBez urządzenia pośredniczącego$bn$2rdamedia
=338  \\$aWolumin$bnc$2rdacarrier
=380  \\$aArtykuły
=520  8\$aZawiera rec. książki: Dom dzienny, dom nocny / Olga Tokarczuk. - Wałbrzych, 1998.
=600  17$aTokarczuk, Olga$d(1962- ).$tDom dzienny, dom nocny$2DBN
=655  \7$aRecenzja literacka$2DBN
=773  0\$iW:$tMagazyn Literacki.$g1999, nr 2, s. 3-4
=909  \\$ab0000041386267
=915  \\$aBZCz 1999/34384
=916  \\$aMasłoń, Krzysztof   (1953- )
=931  \\$a821.162.1(091)(045/046)
=955  \7$aRecenzja literacka$2DBN
=980  \\$aArtykuły
=996  \\$a.b41386267$9local$z48OMNIS_NLOP
=998  \\$ao$9local$z48OMNIS_NLOP
=999  \\$abzcz$bhm$bew$bak$bkonw. 25/10/10(273482)$x09$y99
  
