=LDR  01419naa a2200421 i 4500
=001  b0000004142773
=005  20221014143558.4
=008  991130s1999    pl           |000 0 pol  
=009  9910017898505606
=015  \\$aBZCz 1999/39330
=035  \\$a991008506119705066
=035  \\$a(PL-WaBN)b41427737-48omnis_nlop
=035  \\$ab41427737
=035  \\$a(OCoLC)995672006
=040  \\$aWA N$cWA N
=080  \\$a821.162.1(091)(045/046)
=100  1\$aCzachowska, Agnieszka
=245  10$a[Dom dzienny, dom nocny - recenzja] /$cAgnieszka Czachowska.
=260  \\$c1999.
=336  \\$aTekst$btxt$2rdacontent
=337  \\$aBez urządzenia pośredniczącego$bn$2rdamedia
=338  \\$aWolumin$bnc$2rdacarrier
=380  \\$aArtykuły
=520  8\$aZawiera rec. książki: Dom dzienny, dom nocny / Olga Tokarczuk. - Wałbrzych, 1998.
=600  17$aTokarczuk, Olga$d(1962- ).$tDom dzienny, dom nocny$2DBN
=655  \7$aRecenzja literacka$2DBN
=773  0\$iW:$tRes Publica Nowa.$x1230-2155.$g1999, nr 4, s. 57-60
=909  \\$ab0000041427737
=915  \\$aBZCz 1999/39330
=916  \\$aCzachowska, Agnieszka   
=931  \\$a821.162.1(091)(045/046)
=955  \7$aRecenzja literacka$2DBN
=980  \\$aArtykuły
=996  \\$a.b41427737$9local$z48OMNIS_NLOP
=998  \\$ao$9local$z48OMNIS_NLOP
=999  \\$abzcz$bhg$bag$bbw$bkonw. 25/10/10(276177)$x10$y99
  
