=LDR  01411naa a2200421 i 4500
=001  b0000004144126
=005  20221015175035.5
=008  991130s1999    pl           |000 0 pol  
=009  9910411067805606
=015  \\$aBZCz 1999/39331
=035  \\$a991008531989705066
=035  \\$a(PL-WaBN)b41441266-48omnis_nlop
=035  \\$ab41441266
=035  \\$a(OCoLC)995674227
=040  \\$aWA N$cWA N
=080  \\$a821.162.1(091)(045/046)
=100  1\$aSzaket, Jan
=245  10$a[Dom dzienny, dom nocny - recenzja] /$cJan Szaket.
=260  \\$c1999.
=336  \\$aTekst$btxt$2rdacontent
=337  \\$aBez urządzenia pośredniczącego$bn$2rdamedia
=338  \\$aWolumin$bnc$2rdacarrier
=380  \\$aArtykuły
=520  8\$aZawiera rec. książki: Dom dzienny, dom nocny / Olga Tokarczuk. - Wałbrzych, 1998.
=600  17$aTokarczuk, Olga$d(1962- ).$tDom dzienny, dom nocny$2DBN
=655  \7$aRecenzja literacka$2DBN
=773  0\$iW:$tDekada Literacka : tygodnik kulturalny.$x0867-4094.$g1999, nr 4, s. 15-16
=909  \\$ab0000041441266
=915  \\$aBZCz 1999/39331
=916  \\$aSzaket, Jan   
=931  \\$a821.162.1(091)(045/046)
=955  \7$aRecenzja literacka$2DBN
=980  \\$aArtykuły
=996  \\$a.b41441266$9local$z48OMNIS_NLOP
=998  \\$ao$9local$z48OMNIS_NLOP
=999  \\$abzcz$bhg$btg$bbw$bkonw. 25/10/10(277103)$x10$y99
  
