=LDR  01434naa a2200421 i 4500
=001  b0000004155554
=005  20221015174826.1
=008  000128s1999    pl           |000 0 pol  
=009  9910268771005606
=015  \\$aBZCz 1999/49118
=035  \\$a991008755439705066
=035  \\$a(PL-WaBN)b41555545-48omnis_nlop
=035  \\$ab41555545
=035  \\$a(OCoLC)995691902
=040  \\$aWA N$cWA N
=080  \\$a821.162.1(091)(045/046)
=100  1\$aOrska, Joanna$d(1973- )
=245  10$a[Dom dzienny, dom nocny - recenzja] /$cJoanna Orska.
=260  \\$c1999.
=336  \\$aTekst$btxt$2rdacontent
=337  \\$aBez urządzenia pośredniczącego$bn$2rdamedia
=338  \\$aWolumin$bnc$2rdacarrier
=380  \\$aArtykuły
=520  8\$aZawiera rec. książki: Dom dzienny, dom nocny / Olga Tokarczuk. - Wałbrzych, 1998.
=600  17$aTokarczuk, Olga$d(1962- ).$tDom dzienny, dom nocny$2DBN
=655  \7$aRecenzja literacka$2DBN
=773  0\$iW:$tOdra (Wrocław).$x0472-5182.$g1999, nr 6, s. 132-133$w(PL)b0000001479660
=909  \\$ab0000041555545
=915  \\$aBZCz 1999/49118
=916  \\$aOrska, Joanna   (1973- )
=931  \\$a821.162.1(091)(045/046)
=955  \7$aRecenzja literacka$2DBN
=980  \\$aArtykuły
=996  \\$a.b41555545$9local$z48OMNIS_NLOP
=998  \\$ao$9local$z48OMNIS_NLOP
=999  \\$abzcz$bjv$bag$bak$bkonw. 25/10/10(285171)$x12$y99
  
