=LDR  01387naa a2200421 i 4500
=001  b0000004156337
=005  20221015175006.7
=008  000128s1999    pl           |000 0 pol  
=009  9910324740705606
=015  \\$aBZCz 1999/49117
=035  \\$a991008770799705066
=035  \\$a(PL-WaBN)b41563372-48omnis_nlop
=035  \\$ab41563372
=035  \\$a(OCoLC)995693114
=040  \\$aWA N$cWA N
=080  \\$a821.162.1(091)(045/046)
=100  1\$aJarecki, Andrzej
=245  10$a[Dom dzienny, dom nocny - recenzja] /$cAndrzej Jarecki.
=260  \\$c1999.
=336  \\$aTekst$btxt$2rdacontent
=337  \\$aBez urządzenia pośredniczącego$bn$2rdamedia
=338  \\$aWolumin$bnc$2rdacarrier
=380  \\$aArtykuły
=520  8\$aZawiera rec. książki: Dom dzienny, dom nocny / Olga Tokarczuk. - Wałbrzych, 1998.
=600  17$aTokarczuk, Olga$d(1962- ).$tDom dzienny, dom nocny$2DBN
=655  \7$aRecenzja literacka$2DBN
=773  0\$iW:$tStudium.$g1999, nr 1/2, s. 181-184
=909  \\$ab0000041563372
=915  \\$aBZCz 1999/49117
=916  \\$aJarecki, Andrzej   
=931  \\$a821.162.1(091)(045/046)
=955  \7$aRecenzja literacka$2DBN
=980  \\$aArtykuły
=996  \\$a.b41563372$9local$z48OMNIS_NLOP
=998  \\$ao$9local$z48OMNIS_NLOP
=999  \\$abzcz$bhm$bjb$bak$bkonw. 25/10/10(285693)$x12$y99
  
