=LDR  01325naa a2200421 i 4500
=001  b0000004160567
=005  20221015175133.2
=008  980227s1997    pl           |000 0 pol  
=009  9910435434405606
=015  \\$aBZCz 1998/3342
=035  \\$a991008853759705066
=035  \\$a(PL-WaBN)b41605676-48omnis_nlop
=035  \\$ab41605676
=035  \\$a(OCoLC)995699328
=040  \\$aWA N$cWA N
=084  \\$a20.2.1
=100  1\$aTokarczuk, Olga$d(1962- )
=245  10$aNie ma mnie jednej /$cOlga Tokarczuk ; rozm. przepr. Józef Baran.
=260  \\$c1997.
=336  \\$aTekst$btxt$2rdacontent
=337  \\$aBez urządzenia pośredniczącego$bn$2rdamedia
=338  \\$aWolumin$bnc$2rdacarrier
=380  \\$aArtykuły
=600  17$aTokarczuk, Olga$d(1962- )$2DBN
=655  \7$aŹródła historyczne$2DBN
=700  1\$aBaran, Józef$d(1947- )$eRozm. przepr.
=773  0\$iW:$tSycyna.$g1997, nr 24, s. 3-4
=909  \\$ab0000041605676
=915  \\$aBZCz 1998/3342
=916  \\$aTokarczuk, Olga   (1962- )
=918  1\$aBaran, Józef$d(1947- )
=955  \7$aŹródła historyczne$2DBN
=980  \\$aArtykuły
=996  \\$a.b41605676$9local$z48OMNIS_NLOP
=998  \\$ao$9local$z48OMNIS_NLOP
=999  \\$abzcz$bun$bko$bjkr$bkonw. 25/10/10(288714)$x01$y98
  
