=LDR  01392naa a2200421 i 4500
=001  b0000004162572
=005  20211030064657.7
=008  980320s1997    pl           |000 0 pol  
=009  9910023469405606
=015  \\$aBZCz 1998/7906
=035  \\$a991008892829705066
=035  \\$a(PL-WaBN)b41625729-48omnis_nlop
=035  \\$ab41625729
=035  \\$a(OCoLC)995702312
=040  \\$aWA N$cWA N
=084  \\$a20.2.2
=100  1\$aWołk, Marcin$d(1969- )
=245  10$a[Prawiek i inne czasy - recenzja] /$cMarcin Wołk.
=260  \\$c1997.
=336  \\$aTekst$btxt$2rdacontent
=337  \\$aBez urządzenia pośredniczącego$bn$2rdamedia
=338  \\$aWolumin$bnc$2rdacarrier
=380  \\$aArtykuły
=520  8\$aZawiera rec. książki: Prawiek i inne czasy / Olga Tokarczuk. - Warszawa, 1996.
=600  17$aTokarczuk, Olga$d(1962- ).$tPrawiek i inne czasy$2DBN
=655  \7$aRecenzja literacka$2DBN
=773  0\$iW:$tPrzegląd Artystyczno-Literacki.$g1997, nr 4, s. 38-39
=902  \\$a171227$c980320$dm$eb$fb$g0
=909  \\$ab0000041625729
=915  \\$aBZCz 1998/7906
=916  \\$aWołk, Marcin   (1969- )
=955  \7$aRecenzja literacka$2DBN
=980  \\$aArtykuły
=996  \\$a.b41625729$9local$z48OMNIS_NLOP
=998  \\$ao$9local$z48OMNIS_NLOP
=999  \\$abzcz$bJR$bko$bez$bkonw. 25/10/10(290161)$x02$y98
  
