=LDR  01771naa a2200493 i 4500
=001  b0000004167676
=005  20221014143542.6
=008  980430s1997    pl           |000 0 pol  
=009  9910528126605606
=015  \\$aBZCz 1998/13385
=035  \\$a991008993389705066
=035  \\$a(PL-WaBN)b41676762-48omnis_nlop
=035  \\$ab41676762
=035  \\$a(OCoLC)995709863
=040  \\$aWA N$cWA N
=084  \\$a21.6.5
=100  1\$aRembowska, Aleksandra$d(1970- )
=245  10$a[Prawiek i inne czasy - recenzja] /$cAleksandra Rembowska.
=260  \\$c1997.
=336  \\$aTekst$btxt$2rdacontent
=337  \\$aBez urządzenia pośredniczącego$bn$2rdamedia
=338  \\$aWolumin$bnc$2rdacarrier
=380  \\$aArtykuły
=520  8\$aZawiera rec. przedstawienia: Prawiek i inne czasy / Olga Tokarczuk ; reż. Sebastian Majewski ; T"Wierszalin", Białyst.
=600  17$aMajewski, Sebastian$d(1971- )$2DBN
=610  27$aTeatr Towarzystwa "Wierszalin" (Białystok)$2DBN
=650  \7$aInscenizacja$2DBN
=651  \7$aBiałystok (woj. podlaskie)$xrecenzja$yod 1989 r.$2DBN
=655  \7$aRecenzja teatralna$2DBN
=658  \\$aKultura i sztuka
=773  0\$iW:$tTeatr (Warszawa).$x0040-0769.$g1997, nr 11, s. 24-26
=909  \\$ab0000041676762
=915  \\$aBZCz 1998/13385
=916  \\$aRembowska, Aleksandra   (1970- )
=951  \7$aBiałystok (woj. podlaskie)$xrecenzja$yod 1989 r.$2DBN
=955  \7$aRecenzja teatralna$2DBN
=958  \\$aKultura i sztuka
=980  \\$aArtykuły
=996  \\$a.b41676762$9local$z48OMNIS_NLOP
=998  \\$ao$9local$z48OMNIS_NLOP
=999  \\$abzcz$bjv$bko$bbw$bkonw. 25/10/10(293712)$x03$y98
  
