=LDR  01351naa a2200409 i 4500
=001  b0000004169227
=005  20221015174909.2
=008  980430s1996    pl           |000 0 pol  
=009  9910443325605606
=015  \\$aBZCz 1998/12723
=035  \\$a991009023739705066
=035  \\$a(PL-WaBN)b41692275-48omnis_nlop
=035  \\$ab41692275
=035  \\$a(OCoLC)995712172
=040  \\$aWA N$cWA N
=084  \\$a20.2.2
=100  1\$aStrękowski, Jan$d(1954- )
=245  10$a[Prawiek i inne czasy - recenzja] /$cJan Strękowski.
=260  \\$c1996.
=336  \\$aTekst$btxt$2rdacontent
=337  \\$aBez urządzenia pośredniczącego$bn$2rdamedia
=338  \\$aWolumin$bnc$2rdacarrier
=380  \\$aArtykuły
=520  8\$aZawiera rec. książki: Prawiek i inne czasy / Olga Tokarczuk. - Warszawa, 1996.
=600  17$aTokarczuk, Olga$d(1962- ).$tPrawiek i inne czasy$2DBN
=655  \7$aRecenzja literacka$2DBN
=773  0\$iW:$tMagazyn Literacki.$g1996, nr 3/4, s. 123-125
=909  \\$ab0000041692275
=915  \\$aBZCz 1998/12723
=916  \\$aStrękowski, Jan   (1954- )
=955  \7$aRecenzja literacka$2DBN
=980  \\$aArtykuły
=996  \\$a.b41692275$9local$z48OMNIS_NLOP
=998  \\$ao$9local$z48OMNIS_NLOP
=999  \\$abzcz$bjkr$bag$bez$bkonw. 25/10/10(294761)$x03$y98
  
