=LDR  01344naa a2200397 i 4500
=001  b0000004178842
=005  20221015175118.8
=008  980626s1998    pl           |000 0 pol  
=009  9910189436205606
=015  \\$aBZCz 1998/21818
=035  \\$a991009333169705066
=035  \\$a(PL-WaBN)b41788424-48omnis_nlop
=035  \\$ab41788424
=035  \\$a(OCoLC)995730377
=040  \\$aWA N$cWA N
=084  \\$a20.2.1$a20.2.1
=100  1\$aGórnicka-Boratyńska, Aneta$d(1971- )
=245  10$aOpowieści ze środka wszechświata /$cAneta Górnicka-Boratyńska.
=260  \\$c1998.
=336  \\$aTekst$btxt$2rdacontent
=337  \\$aBez urządzenia pośredniczącego$bn$2rdamedia
=338  \\$aWolumin$bnc$2rdacarrier
=380  \\$aArtykuły
=520  8\$a"Prawiek" Olgi Tokarczuk a "Widnokrąg" Wiesława Myśliwskiego.
=600  17$aMyśliwski, Wiesław$d(1932- )$2DBN
=773  0\$iW:$tRes Publica Nowa.$x1230-2155.$g1998, nr 1, s. 45-50
=909  \\$ab0000041788424
=915  \\$aBZCz 1998/21818
=916  \\$aGórnicka-Boratyńska, Aneta   (1971- )
=980  \\$aArtykuły
=996  \\$a.b41788424$9local$z48OMNIS_NLOP
=998  \\$ao$9local$z48OMNIS_NLOP
=999  \\$abzcz$bew$bag$bbw$bkonw. 25/10/10(301773)$x05$y98$cDBN/hs
  
