=LDR  01237naa a2200409 i 4500
=001  b0000004179318
=005  20221014143511.1
=008  980626s1997    pl           |000 0 pol  
=009  9910515854905606
=015  \\$aBZCz 1998/21817
=035  \\$a991009352499705066
=035  \\$a(PL-WaBN)b41793183-48omnis_nlop
=035  \\$ab41793183
=035  \\$a(OCoLC)995731814
=040  \\$aWA N$cWA N
=084  \\$a20.2.1
=100  0\$a(JZB)
=245  10$aOlga Tokarczuk - opowieść o sobie /$coprac. (JZB).
=260  \\$c1997.
=336  \\$aTekst$btxt$2rdacontent
=337  \\$aBez urządzenia pośredniczącego$bn$2rdamedia
=338  \\$aWolumin$bnc$2rdacarrier
=380  \\$aArtykuły
=600  17$aTokarczuk, Olga$d(1962- )$2DBN
=700  1\$aTokarczuk, Olga$d(1962- )
=773  0\$iW:$tMagazyn Literacki.$g1997, nr 3/4, s. 32-38
=909  \\$ab0000041793183
=915  \\$aBZCz 1998/21817
=916  \\$a(JZB)   
=918  1\$aTokarczuk, Olga$d(1962- )
=980  \\$aArtykuły
=996  \\$a.b41793183$9local$z48OMNIS_NLOP
=998  \\$ao$9local$z48OMNIS_NLOP
=999  \\$abzcz$bew$bko$bbw$bkonw. 25/10/10(302333)$x05$y98
=999  \\$aDBN01$ckor
  
