=LDR  01349naa a2200409 i 4500
=001  b0000004181327
=005  20221015174855.0
=008  980724s1998    pl           |000 0 pol  
=009  9910214245905606
=015  \\$aBZCz 1998/26853
=035  \\$a991009430639705066
=035  \\$a(PL-WaBN)b41813273-48omnis_nlop
=035  \\$ab41813273
=035  \\$a(OCoLC)995737552
=040  \\$aWA N$cWA N
=084  \\$a20.2.2
=100  1\$aLegeżyńska, Anna$d(1951- )
=245  10$a[Prawiek i inne czasy - recenzja] /$cAnna Legeżyńska.
=260  \\$c1998.
=336  \\$aTekst$btxt$2rdacontent
=337  \\$aBez urządzenia pośredniczącego$bn$2rdamedia
=338  \\$aWolumin$bnc$2rdacarrier
=380  \\$aArtykuły
=520  8\$aZawiera rec. książki: Prawiek i inne czasy / Olga Tokarczuk. - Warszawa, 1996.
=600  17$aTokarczuk, Olga$d(1962- ).$tPrawiek i inne czasy$2DBN
=655  \7$aRecenzja literacka$2DBN
=773  0\$iW:$tPolonistyka.$g1998, nr 2, s. 115-117
=909  \\$ab0000041813273
=915  \\$aBZCz 1998/26853
=916  \\$aLegeżyńska, Anna   (1951- )
=955  \7$aRecenzja literacka$2DBN
=980  \\$aArtykuły
=996  \\$a.b41813273$9local$z48OMNIS_NLOP
=998  \\$ao$9local$z48OMNIS_NLOP
=999  \\$abzcz$bhg$bko$bjkr$bkonw. 25/10/10(305244)$x06$y98
  
