=LDR  01324naa a2200409 i 4500
=001  b0000004182721
=005  20221014143511.1
=008  980724s1996    pl           |000 0 pol  
=009  9910068216905606
=015  \\$aBZCz 1998/26854
=035  \\$a991009485029705066
=035  \\$a(PL-WaBN)b41827211-48omnis_nlop
=035  \\$ab41827211
=035  \\$a(OCoLC)995741781
=040  \\$aWA N$cWA N
=084  \\$a20.2.2
=100  1\$aOstowicz, Anna
=245  10$a[Prawiek i inne czasy - recenzja] /$cAnna Ostowicz.
=260  \\$c1996.
=336  \\$aTekst$btxt$2rdacontent
=337  \\$aBez urządzenia pośredniczącego$bn$2rdamedia
=338  \\$aWolumin$bnc$2rdacarrier
=380  \\$aArtykuły
=520  8\$aZawiera rec. książki: Prawiek i inne czasy / Olga Tokarczuk. - Warszawa, 1996.
=600  17$aTokarczuk, Olga$d(1962- ).$tPrawiek i inne czasy$2DBN
=655  \7$aRecenzja literacka$2DBN
=773  0\$iW:$tTopos.$x1230-8943.$g1996, nr 4, s. 102-103
=909  \\$ab0000041827211
=915  \\$aBZCz 1998/26854
=916  \\$aOstowicz, Anna   
=955  \7$aRecenzja literacka$2DBN
=980  \\$aArtykuły
=996  \\$a.b41827211$9local$z48OMNIS_NLOP
=998  \\$ao$9local$z48OMNIS_NLOP
=999  \\$abzcz$bjv$bag$bez$bkonw. 25/10/10(307209)$x06$y98
  
