=LDR  01453naa a2200469 i 4500
=001  b0000004185616
=005  20221014143614.2
=008  981002s1998    pl           |000 0 pol  
=009  9910039107505606
=015  \\$aBZCz 1998/32627
=035  \\$a991009596949705066
=035  \\$a(PL-WaBN)b41856168-48omnis_nlop
=035  \\$ab41856168
=035  \\$a(OCoLC)995750323
=040  \\$aWA N$cWA N
=084  \\$a20.2.2
=100  1\$aZaremba, Małgorzata.
=245  10$a[Szafa - recenzja] /$cMałgorzata Zaremba.
=260  \\$c1998.
=336  \\$aTekst$btxt$2rdacontent
=337  \\$aBez urządzenia pośredniczącego$bn$2rdamedia
=338  \\$aWolumin$bnc$2rdacarrier
=380  \\$aArtykuły
=520  8\$aZawiera rec. książki: Szafa / Olga Tokarczuk. - Lublin, 1997.
=600  17$aTokarczuk, Olga$d(1962- )$2DBN
=630  07$aSzafa$2DBN
=650  \7$aLiteratura polska$2DBN
=655  \7$aRecenzja literacka$2DBN
=658  \\$aLiteraturoznawstwo
=773  0\$iW:$tMagazyn Literacki.$g1998, nr 1, s. 125-127
=909  \\$ab0000041856168
=915  \\$aBZCz 1998/32627
=916  \\$aZaremba, Małgorzata.   
=930  07$aSzafa$2DBN
=955  \7$aRecenzja literacka$2DBN
=958  \\$aLiteraturoznawstwo
=980  \\$aArtykuły
=996  \\$a.b41856168$9local$z48OMNIS_NLOP
=998  \\$ao$9local$z48OMNIS_NLOP
=999  \\$abzcz$bas$bko$bjkr$bkonw. 25/10/10(311235)$x07$y98
  
