=LDR  01455naa a2200469 i 4500
=001  b0000004186851
=005  20221014143443.3
=008  981002s1998    pl           |000 0 pol  
=009  9910404465105606
=015  \\$aBZCz 1998/32628
=035  \\$a991009645369705066
=035  \\$a(PL-WaBN)b41868511-48omnis_nlop
=035  \\$ab41868511
=035  \\$a(OCoLC)998223730
=040  \\$aWA N$cWA N
=084  \\$a20.2.2
=100  1\$aJentys-Borelowska, Maria$d(1942- )
=245  10$a[Szafa - recenzja] /$cMaria Jentys.
=260  \\$c1998.
=336  \\$aTekst$btxt$2rdacontent
=337  \\$aBez urządzenia pośredniczącego$bn$2rdamedia
=338  \\$aWolumin$bnc$2rdacarrier
=380  \\$aArtykuły
=520  8\$aZawiera rec. książki: Szafa / Olga Tokarczuk. - Lublin, 1997.
=600  17$aTokarczuk, Olga$d(1962- )$2DBN
=630  07$aSzafa$2DBN
=650  \7$aLiteratura polska$2DBN
=655  \7$aRecenzja literacka$2DBN
=658  \\$aLiteraturoznawstwo
=773  0\$iW:$tSycyna.$g1998, nr 14, s. 17
=909  \\$ab0000041868511
=915  \\$aBZCz 1998/32628
=916  \\$aJentys-Borelowska, Maria   (1942- )
=930  07$aSzafa$2DBN
=955  \7$aRecenzja literacka$2DBN
=958  \\$aLiteraturoznawstwo
=980  \\$aArtykuły
=996  \\$a.b41868511$9local$z48OMNIS_NLOP
=998  \\$ao$9local$z48OMNIS_NLOP
=999  \\$abzcz$bun$bezm$bbw$bkonw. 25/10/10(312885)$x07$y98
  
