=LDR  01467naa a2200481 i 4500
=001  b0000004188599
=005  20211030064059.5
=008  981030s1998    pl           |000 0 pol  
=009  9910004422005606
=015  \\$aBZCz 1998/38161
=035  \\$a991009713739705066
=035  \\$a(PL-WaBN)b41885995-48omnis_nlop
=035  \\$ab41885995
=035  \\$a(OCoLC)998233506
=040  \\$aWA N$cWA N
=084  \\$a20.2.2
=100  1\$aNowicki, Bogdan
=245  10$a[Szafa - recenzja] /$cBogdan Nowicki.
=260  \\$c1998.
=336  \\$aTekst$btxt$2rdacontent
=337  \\$aBez urządzenia pośredniczącego$bn$2rdamedia
=338  \\$aWolumin$bnc$2rdacarrier
=380  \\$aArtykuły
=520  8\$aZawiera rec. książki: Szafa / Olga Tokarczuk. - Lublin, 1997.
=600  17$aTokarczuk, Olga$d(1962- )$2DBN
=630  07$aSzafa$2DBN
=650  \7$aLiteratura polska$2DBN
=655  \7$aRecenzja literacka$2DBN
=658  \\$aLiteraturoznawstwo
=773  0\$iW:$tOpcje.$g1998, nr 2, s. 111-112
=902  \\$a180101$c981030$dm$eb$fb$g0
=909  \\$ab0000041885995
=915  \\$aBZCz 1998/38161
=916  \\$aNowicki, Bogdan   
=930  07$aSzafa$2DBN
=955  \7$aRecenzja literacka$2DBN
=958  \\$aLiteraturoznawstwo
=980  \\$aArtykuły
=996  \\$a.b41885995$9local$z48OMNIS_NLOP
=998  \\$ao$9local$z48OMNIS_NLOP
=999  \\$abzcz$bjv$bezm$bbw$bkonw. 25/10/10(315631)$x09$y98
  
