=LDR  01529naa a2200469 i 4500
=001  b0000004189018
=005  20221015174826.1
=008  981030s1998    pl           |000 0 pol  
=009  9910234519205606
=015  \\$aBZCz 1998/38162
=035  \\$a991009730139705066
=035  \\$a(PL-WaBN)b41890188-48omnis_nlop
=035  \\$ab41890188
=035  \\$a(OCoLC)998235993
=040  \\$aWA N$cWA N
=084  \\$a20.2.2
=100  1\$aKlejnocki, Jarosław$d(1963- )
=245  10$a[Szafa - recenzja] /$cJarosław Klejnocki.
=260  \\$c1998.
=336  \\$aTekst$btxt$2rdacontent
=337  \\$aBez urządzenia pośredniczącego$bn$2rdamedia
=338  \\$aWolumin$bnc$2rdacarrier
=380  \\$aArtykuły
=520  8\$aZawiera rec. książki: Szafa / Olga Tokarczuk. - Lublin, 1997.
=600  17$aTokarczuk, Olga$d(1962- )$2DBN
=630  07$aSzafa$2DBN
=650  \7$aLiteratura polska$2DBN
=655  \7$aRecenzja literacka$2DBN
=658  \\$aLiteraturoznawstwo
=773  0\$iW:$tFA-art : kwartalnik Ruchu "Wolność i Pokój".$x1231-0158.$g1998, nr 1/2, s. 47-49$w(PL)b0000001298027
=909  \\$ab0000041890188
=915  \\$aBZCz 1998/38162
=916  \\$aKlejnocki, Jarosław   (1963- )
=930  07$aSzafa$2DBN
=955  \7$aRecenzja literacka$2DBN
=958  \\$aLiteraturoznawstwo
=980  \\$aArtykuły
=996  \\$a.b41890188$9local$z48OMNIS_NLOP
=998  \\$ao$9local$z48OMNIS_NLOP
=999  \\$abzcz$bas$bko$bbw$bkonw. 25/10/10(316195)$x09$y98
  
