=LDR  02051naa a2200589 i 4500
=001  b0000004190730
=005  20221015174826.1
=008  981127s1997    pl           |000 0 pol  
=009  9910486297205606
=015  \\$aBZCz 1998/42980
=035  \\$a991009796889705066
=035  \\$a(PL-WaBN)b41907309-48omnis_nlop
=035  \\$ab41907309
=035  \\$a(OCoLC)998251664
=040  \\$aWA N$cWA N
=084  \\$a20.2.1$a20.2.1
=245  00$aKopiowanie pamięci /$cCzesław Dziekanowski, Tomasz Lange, Tomasz Olchanowski, Wiktor Chomaciuk, Marcin Rębacz, Arnold Toczyski, Agnieszka Samul, Beata Zdanowicz, Sławomira Romaniuk.
=260  \\$c1997.
=336  \\$aTekst$btxt$2rdacontent
=337  \\$aBez urządzenia pośredniczącego$bn$2rdamedia
=338  \\$aWolumin$bnc$2rdacarrier
=380  \\$aArtykuły
=520  8\$aDyskusja nad "Widnokręgiem" W. Myśliwskiego i "Prawiekiem i innymi czasami" O. Tokarczuk.
=600  17$aMyśliwski, Wiesław$d(1932- )$2DBN
=700  1\$aChomaciuk, Wiktor.
=700  1\$aDziekanowski, Czesław$d(1943-2021)
=700  1\$aLange, Tomasz
=700  1\$aOlchanowski, Tomasz$d(1966- )
=700  1\$aRębacz, Marcin
=700  1\$aRomaniuk, Sławomira.
=700  1\$aSamul, Agnieszka
=700  1\$aToczyski, Arnold$d(1970- )
=773  0\$iW:$tŚwiat Psychoanalizy.$g1997, nr 1/2, s. 209-220
=909  \\$ab0000041907309
=915  \\$aBZCz 1998/42980
=918  1\$aChomaciuk, Wiktor.
=918  1\$aDziekanowski, Czesław$d(1943-2021)
=918  1\$aLange, Tomasz
=918  1\$aOlchanowski, Tomasz$d(1966- )
=918  1\$aRębacz, Marcin
=918  1\$aRomaniuk, Sławomira.
=918  1\$aSamul, Agnieszka
=918  1\$aToczyski, Arnold$d(1970- )
=980  \\$aArtykuły
=996  \\$a.b41907309$9local$z48OMNIS_NLOP
=998  \\$ao$9local$z48OMNIS_NLOP
=999  \\$abzcz$bak$bag$bjkr$bkonw. 25/10/10(318439)$x10$y98
  
