=LDR  01175naa a2200385 i 4500
=001  b0000004190817
=005  20221015175006.7
=008  981127s1997    pl           |000 0 pol  
=009  9910368820005606
=015  \\$aBZCz 1998/43028
=035  \\$a991009800279705066
=035  \\$a(PL-WaBN)b4190817x-48omnis_nlop
=035  \\$ab4190817x
=035  \\$a(OCoLC)998252595
=040  \\$aWA N$cWA N
=084  \\$a20.2.1
=100  1\$aToczyski, Arnold$d(1970- )
=245  10$aCogito /$cArnold Toczyski.
=260  \\$c1997.
=336  \\$aTekst$btxt$2rdacontent
=337  \\$aBez urządzenia pośredniczącego$bn$2rdamedia
=338  \\$aWolumin$bnc$2rdacarrier
=380  \\$aArtykuły
=600  17$aTokarczuk, Olga$d(1962- )$2DBN
=773  0\$iW:$tŚwiat Psychoanalizy.$g1997, nr 1/2, s. 206-208
=909  \\$ab000004190817x
=915  \\$aBZCz 1998/43028
=916  \\$aToczyski, Arnold   (1970- )
=935  \\$aUM2576498$9LOCAL$z48OMNIS_UMKWT
=980  \\$aArtykuły
=996  \\$a.b4190817x$9local$z48OMNIS_NLOP
=998  \\$ao$9local$z48OMNIS_NLOP
=999  \\$abzcz$bak$bag$bjkr$bkonw. 25/10/10(318537)$x10$y98
  
