=LDR  01118naa a2200373 i 4500
=001  b0000004192543
=005  20221015174938.0
=008  981127s1998    pl           |000 0 pol  
=009  9910421892805606
=015  \\$aBZCz 1998/43029
=035  \\$a991009866879705066
=035  \\$a(PL-WaBN)b41925439-48omnis_nlop
=035  \\$ab41925439
=035  \\$a(OCoLC)998271889
=040  \\$aWA N$cWA N
=084  \\$a20.2.1
=100  1\$aWojewoda, Beata
=245  10$aObrazy Boga w prozie Olgi Tokarczuk /$cBeata Wojewoda.
=260  \\$c1998.
=336  \\$aTekst$btxt$2rdacontent
=337  \\$aBez urządzenia pośredniczącego$bn$2rdamedia
=338  \\$aWolumin$bnc$2rdacarrier
=380  \\$aArtykuły
=600  17$aTokarczuk, Olga$d(1962- )$2DBN
=773  0\$iW:$tKresy.$g1998, nr 1, s. 220-226
=909  \\$ab0000041925439
=915  \\$aBZCz 1998/43029
=916  \\$aWojewoda, Beata   
=980  \\$aArtykuły
=996  \\$a.b41925439$9local$z48OMNIS_NLOP
=998  \\$ao$9local$z48OMNIS_NLOP
=999  \\$abzcz$bas$bag$bjkr$bkonw. 25/10/10(320921)$x10$y98
  
