=LDR  01376naa a2200409 i 4500
=001  b0000004192915
=005  20221014143614.2
=008  981218s1998    pl           |000 0 pol  
=009  9910507616405606
=015  \\$aBZCz 1998/48074
=035  \\$a991009881279705066
=035  \\$a(PL-WaBN)b41929159-48omnis_nlop
=035  \\$ab41929159
=035  \\$a(OCoLC)998277336
=040  \\$aWA N$cWA N
=084  \\$a20.2.2
=100  1\$aHanczakowski, Michał
=245  10$a[Prawiek i inne czasy - recenzja] /$cMichał Hanczakowski.
=260  \\$c1998.
=336  \\$aTekst$btxt$2rdacontent
=337  \\$aBez urządzenia pośredniczącego$bn$2rdamedia
=338  \\$aWolumin$bnc$2rdacarrier
=380  \\$aArtykuły
=520  8\$aZawiera rec. książki: Prawiek i inne czasy / Olga Tokarczuk. - Warszawa, 1996.
=600  17$aTokarczuk, Olga$d(1962- ).$tPrawiek i inne czasy$2DBN
=655  \7$aRecenzja literacka$2DBN
=773  0\$iW:$tArcana : kultura, historia, polityka.$x1233-6882.$g1998, nr 3, s. 217-221
=909  \\$ab0000041929159
=915  \\$aBZCz 1998/48074
=916  \\$aHanczakowski, Michał   
=955  \7$aRecenzja literacka$2DBN
=980  \\$aArtykuły
=996  \\$a.b41929159$9local$z48OMNIS_NLOP
=998  \\$ao$9local$z48OMNIS_NLOP
=999  \\$abzcz$bls$bag$bbw$bkonw. 25/10/10(321362)$x11$y98
  
