=LDR  01520naa a2200469 i 4500
=001  b0000004195159
=005  20221015175035.5
=008  981218s1998    pl           |000 0 pol  
=009  9910421010605606
=015  \\$aBZCz 1998/48085
=035  \\$a991009968149705066
=035  \\$a(PL-WaBN)b41951591-48omnis_nlop
=035  \\$ab41951591
=035  \\$a(OCoLC)998309395
=040  \\$aWA N$cWA N
=084  \\$a20.2.2
=100  1\$aRabizo-Birek, Magdalena$d(1964- )
=245  10$a[Szafa - recenzja] /$cMagdalena Rabizo-Birek.
=260  \\$c1998.
=336  \\$aTekst$btxt$2rdacontent
=337  \\$aBez urządzenia pośredniczącego$bn$2rdamedia
=338  \\$aWolumin$bnc$2rdacarrier
=380  \\$aArtykuły
=520  8\$aZawiera rec. książki: Szafa / Olga Tokarczuk. - Lublin, 1997.
=600  17$aTokarczuk, Olga$d(1962- )$2DBN
=630  07$aSzafa$2DBN
=650  \7$aLiteratura polska$2DBN
=655  \7$aRecenzja literacka$2DBN
=658  \\$aLiteraturoznawstwo
=773  0\$iW:$tTwórczość : miesięcznik literacko-krytyczny.$x0041-4727.$g1998, nr 7, s. 112-115
=909  \\$ab0000041951591
=915  \\$aBZCz 1998/48085
=916  \\$aRabizo-Birek, Magdalena   (1964- )
=930  07$aSzafa$2DBN
=955  \7$aRecenzja literacka$2DBN
=958  \\$aLiteraturoznawstwo
=980  \\$aArtykuły
=996  \\$a.b41951591$9local$z48OMNIS_NLOP
=998  \\$ao$9local$z48OMNIS_NLOP
=999  \\$abzcz$bas$bag$bjkr$bkonw. 25/10/10(324509)$x11$y98
  
