=LDR  01403naa a2200409 i 4500
=001  b0000004199708
=005  20221015175021.1
=008  970228s1996    pl           |000 0 pol  
=009  9910277420005606
=015  \\$aBZCz 1997/3406
=035  \\$a991010146469705066
=035  \\$a(PL-WaBN)b41997086-48omnis_nlop
=035  \\$ab41997086
=035  \\$a(OCoLC)998375931
=040  \\$aWA N$cWA N
=084  \\$a20.2.2
=100  1\$aJentys-Borelowska, Maria$d(1942- )
=245  10$a[Prawiek i inne czasy - recenzja] /$cMaria Jentys.
=260  \\$c1996.
=336  \\$aTekst$btxt$2rdacontent
=337  \\$aBez urządzenia pośredniczącego$bn$2rdamedia
=338  \\$aWolumin$bnc$2rdacarrier
=380  \\$aArtykuły
=520  8\$aZawiera rec. książki: Prawiek i inne czasy / Olga Tokarczuk. - Warszawa, 1996.
=600  17$aTokarczuk, Olga$d(1962- ).$tPrawiek i inne czasy$2DBN
=655  \7$aRecenzja literacka$2DBN
=773  0\$iW:$tTwórczość : miesięcznik literacko-krytyczny.$x0041-4727.$g1996, nr 10, s. 116-118
=909  \\$ab0000041997086
=915  \\$aBZCz 1997/3406
=916  \\$aJentys-Borelowska, Maria   (1942- )
=955  \7$aRecenzja literacka$2DBN
=980  \\$aArtykuły
=996  \\$a.b41997086$9local$z48OMNIS_NLOP
=998  \\$ao$9local$z48OMNIS_NLOP
=999  \\$abzcz$bjkr$bko$bbw$bkonw. 25/10/10(330671)$x01$y97
  
