=LDR  01377naa a2200409 i 4500
=001  b0000004201129
=005  20221015174909.2
=008  970321s1996    pl           |000 0 pol  
=009  9910320316505606
=015  \\$aBZCz 1997/7839
=035  \\$a991010201959705066
=035  \\$a(PL-WaBN)b42011292-48omnis_nlop
=035  \\$ab42011292
=035  \\$a(OCoLC)998397465
=040  \\$aWA N$cWA N
=084  \\$a20.2.2
=100  1\$aCieński, Marcin$d(1959- )
=245  10$a[Prawiek i inne czasy - recenzja] /$cMarcin Cieński.
=260  \\$c1996.
=336  \\$aTekst$btxt$2rdacontent
=337  \\$aBez urządzenia pośredniczącego$bn$2rdamedia
=338  \\$aWolumin$bnc$2rdacarrier
=380  \\$aArtykuły
=520  8\$aZawiera rec. książki: Prawiek i inne czasy / Olga Tokarczuk. - Warszawa, 1996.
=600  17$aTokarczuk, Olga$d(1962- ).$tPrawiek i inne czasy$2DBN
=655  \7$aRecenzja literacka$2DBN
=773  0\$iW:$tOdra (Wrocław).$x0472-5182.$g1996, nr 11, s. 116-118$w(PL)b0000001479660
=909  \\$ab0000042011292
=915  \\$aBZCz 1997/7839
=916  \\$aCieński, Marcin   (1959- )
=955  \7$aRecenzja literacka$2DBN
=980  \\$aArtykuły
=996  \\$a.b42011292$9local$z48OMNIS_NLOP
=998  \\$ao$9local$z48OMNIS_NLOP
=999  \\$abzcz$baj$bag$bez$bkonw. 25/10/10(332661)$x02$y97
  
