=LDR  01534naa a2200469 i 4500
=001  b0000004202924
=005  20221014143511.1
=008  970425s1995    pl           |000 0 pol  
=009  9910124088005606
=015  \\$aBZCz 1997/12626
=035  \\$a991010271749705066
=035  \\$a(PL-WaBN)b42029247-48omnis_nlop
=035  \\$ab42029247
=035  \\$a(OCoLC)998423412
=040  \\$aWA N$cWA N
=084  \\$a20.2.2
=100  1\$aUniłowski, Krzysztof$d(1967-2019)
=245  10$a[E.E. - recenzja] /$cKrzysztof Uniłowski.
=260  \\$c1995.
=336  \\$aTekst$btxt$2rdacontent
=337  \\$aBez urządzenia pośredniczącego$bn$2rdamedia
=338  \\$aWolumin$bnc$2rdacarrier
=380  \\$aArtykuły
=520  8\$aZawiera rec. książki: E.E. / Olga Tokarczuk. - Warszawa, 1995.
=600  17$aTokarczuk, Olga$d(1962- )$2DBN
=630  07$aE.E.$2DBN
=650  \7$aLiteratura polska$2DBN
=655  \7$aRecenzja literacka$2DBN
=658  \\$aLiteraturoznawstwo
=773  0\$iW:$tFA-art : kwartalnik Ruchu "Wolność i Pokój".$x1231-0158.$g1995, nr 3, s. 51-52$w(PL)b0000001298027
=909  \\$ab0000042029247
=915  \\$aBZCz 1997/12626
=916  \\$aUniłowski, Krzysztof   (1967-2019)
=930  07$aE.E.$2DBN
=955  \7$aRecenzja literacka$2DBN
=958  \\$aLiteraturoznawstwo
=980  \\$aArtykuły
=996  \\$a.b42029247$9local$z48OMNIS_NLOP
=998  \\$ao$9local$z48OMNIS_NLOP
=999  \\$abzcz$bSp$bjb$bez$bkonw. 25/10/10(335261)$x03$y97
  
