=LDR  01361naa a2200409 i 4500
=001  b0000004205251
=005  20221015175104.3
=008  970425s1995    pl           |000 0 pol  
=009  9910280195405606
=015  \\$aBZCz 1997/12663
=035  \\$a991010361899705066
=035  \\$a(PL-WaBN)b42052518-48omnis_nlop
=035  \\$ab42052518
=035  \\$a(OCoLC)998456369
=040  \\$aWA N$cWA N
=084  \\$a20.2.2
=100  1\$aSzaket, Jan
=245  10$a[Podróż Ludzi Księgi - recenzja] /$cJan Szaket.
=260  \\$c1995.
=336  \\$aTekst$btxt$2rdacontent
=337  \\$aBez urządzenia pośredniczącego$bn$2rdamedia
=338  \\$aWolumin$bnc$2rdacarrier
=380  \\$aArtykuły
=520  8\$aZawiera rec. książki: Podróż Ludzi Księgi / Olga Tokarczuk. - Warszawa, 1993.
=600  17$aTokarczuk, Olga$d(1962- ).$tPodróż Ludzi Księgi$2DBN
=655  \7$aRecenzja$2DBN
=773  0\$iW:$tFA-art : kwartalnik Ruchu "Wolność i Pokój".$x1231-0158.$g1995, nr 2, s. 52-54$w(PL)b0000001298027
=909  \\$ab0000042052518
=915  \\$aBZCz 1997/12663
=916  \\$aSzaket, Jan   
=955  \7$aRecenzja$2DBN
=980  \\$aArtykuły
=996  \\$a.b42052518$9local$z48OMNIS_NLOP
=998  \\$ao$9local$z48OMNIS_NLOP
=999  \\$abzcz$bjkr$bko$bbw$bkonw. 25/10/10(338375)$x03$y97
  
