=LDR  01467naa a2200469 i 4500
=001  b0000004205292
=005  20221014143459.1
=008  970425s1996    pl           |000 0 pol  
=009  9910146918605606
=015  \\$aBZCz 1997/12625
=035  \\$a991010363589705066
=035  \\$a(PL-WaBN)b42052920-48omnis_nlop
=035  \\$ab42052920
=035  \\$a(OCoLC)998456703
=040  \\$aWA N$cWA N
=084  \\$a20.2.2
=100  1\$aKociuba, Grzegorz$d(1963- )
=245  10$a[E.E. - recenzja] /$cGrzegorz Kociuba.
=260  \\$c1996.
=336  \\$aTekst$btxt$2rdacontent
=337  \\$aBez urządzenia pośredniczącego$bn$2rdamedia
=338  \\$aWolumin$bnc$2rdacarrier
=380  \\$aArtykuły
=520  8\$aZawiera rec. książki: E.E. / Olga Tokarczuk. - Warszawa, 1995.
=600  17$aTokarczuk, Olga$d(1962- )$2DBN
=630  07$aE.E.$2DBN
=650  \7$aLiteratura polska$2DBN
=655  \7$aRecenzja literacka$2DBN
=658  \\$aLiteraturoznawstwo
=773  0\$iW:$tAkcent (Lublin).$x0208-6220.$g1996, nr 3, s. 158-160
=909  \\$ab0000042052920
=915  \\$aBZCz 1997/12625
=916  \\$aKociuba, Grzegorz   (1963- )
=930  07$aE.E.$2DBN
=955  \7$aRecenzja literacka$2DBN
=958  \\$aLiteraturoznawstwo
=980  \\$aArtykuły
=996  \\$a.b42052920$9local$z48OMNIS_NLOP
=998  \\$ao$9local$z48OMNIS_NLOP
=999  \\$abzcz$baj$bag$bbw$bkonw. 25/10/10(338423)$x03$y97
  
