=LDR  01341naa a2200409 i 4500
=001  b0000004215716
=005  20221015175006.7
=008  971003s1996    pl           |000 0 pol  
=009  9910368080705606
=015  \\$aBZCz 1997/32229
=035  \\$a991010765959705066
=035  \\$a(PL-WaBN)b4215716x-48omnis_nlop
=035  \\$ab4215716x
=035  \\$a(OCoLC)998592671
=040  \\$aWA N$cWA N
=084  \\$a20.2.2
=100  1\$aBrowarny, Wojciech$d(1970- )
=245  10$a[Prawiek i inne czasy - recenzja] /$cWojciech Browarny.
=260  \\$c1996.
=336  \\$aTekst$btxt$2rdacontent
=337  \\$aBez urządzenia pośredniczącego$bn$2rdamedia
=338  \\$aWolumin$bnc$2rdacarrier
=380  \\$aArtykuły
=520  8\$aZawiera rec. książki: Prawiek i inne czasy / Olga Tokarczuk. - Warszawa, 1996.
=600  17$aTokarczuk, Olga$d(1962- ).$tPrawiek i inne czasy$2DBN
=655  \7$aRecenzja literacka$2DBN
=773  0\$iW:$tArkusz.$g1996, nr 12, s. 6-7
=909  \\$ab000004215716x
=915  \\$aBZCz 1997/32229
=916  \\$aBrowarny, Wojciech   (1970- )
=955  \7$aRecenzja literacka$2DBN
=980  \\$aArtykuły
=996  \\$a.b4215716x$9local$z48OMNIS_NLOP
=998  \\$ao$9local$z48OMNIS_NLOP
=999  \\$abzcz$bls$bezm$bbw$bkonw. 25/10/10(352978)$x07$y97
  
