=LDR  01108naa a2200373 i 4500
=001  b0000004215717
=005  20221014143614.2
=008  971003s1996    pl           |000 0 pol  
=009  9910521363705606
=015  \\$aBZCz 1997/32159
=035  \\$a991010766009705066
=035  \\$a(PL-WaBN)b42157171-48omnis_nlop
=035  \\$ab42157171
=035  \\$a(OCoLC)998593093
=040  \\$aWA N$cWA N
=084  \\$a20.2.1
=100  1\$aKraskowska, Ewa$d(1954- )
=245  10$aCzas Olgi /$cEwa Kraskowska.
=260  \\$c1996.
=336  \\$aTekst$btxt$2rdacontent
=337  \\$aBez urządzenia pośredniczącego$bn$2rdamedia
=338  \\$aWolumin$bnc$2rdacarrier
=380  \\$aArtykuły
=600  17$aTokarczuk, Olga$d(1962- )$2DBN
=773  0\$iW:$tArkusz.$g1996, nr 12, s. 6-7
=909  \\$ab0000042157171
=915  \\$aBZCz 1997/32159
=916  \\$aKraskowska, Ewa   (1954- )
=980  \\$aArtykuły
=996  \\$a.b42157171$9local$z48OMNIS_NLOP
=998  \\$ao$9local$z48OMNIS_NLOP
=999  \\$abzcz$bls$bezm$bbw$bkonw. 25/10/10(352980)$x07$y97
  
