=LDR  01303naa a2200409 i 4500
=001  b0000004216816
=005  20221014143542.6
=008  971031s1997    pl           |000 0 pol  
=009  9910496742105606
=015  \\$aBZCz 1997/37644
=035  \\$a991010808879705066
=035  \\$a(PL-WaBN)b42168168-48omnis_nlop
=035  \\$ab42168168
=035  \\$a(OCoLC)998604667
=040  \\$aWA N$cWA N
=084  \\$a20.2.2
=100  1\$aKoss, Agata
=245  10$a[Prawiek i inne czasy - recenzja] /$cAgata Koss.
=260  \\$c1997.
=336  \\$aTekst$btxt$2rdacontent
=337  \\$aBez urządzenia pośredniczącego$bn$2rdamedia
=338  \\$aWolumin$bnc$2rdacarrier
=380  \\$aArtykuły
=520  8\$aZawiera rec. książki: Prawiek i inne czasy / Olga Tokarczuk. - Warszawa, 1996.
=600  17$aTokarczuk, Olga$d(1962- ).$tPrawiek i inne czasy$2DBN
=655  \7$aRecenzja literacka$2DBN
=773  0\$iW:$tKresy.$g1997, nr 1, s. 191-193
=909  \\$ab0000042168168
=915  \\$aBZCz 1997/37644
=916  \\$aKoss, Agata   
=955  \7$aRecenzja literacka$2DBN
=980  \\$aArtykuły
=996  \\$a.b42168168$9local$z48OMNIS_NLOP
=998  \\$ao$9local$z48OMNIS_NLOP
=999  \\$abzcz$bSp$bko$bbw$bkonw. 25/10/10(354673)$x09$y97
  
