=LDR  01216naa a2200397 i 4500
=001  b0000004219113
=005  20221014143443.3
=008  971129s1997    pl           |000 0 pol  
=009  9910044717305606
=015  \\$aBZCz 1997/42717
=035  \\$a991010897969705066
=035  \\$a(PL-WaBN)b42191130-48omnis_nlop
=035  \\$ab42191130
=035  \\$a(OCoLC)998627059
=040  \\$aWA N$cWA N
=084  \\$a20.2.1
=100  1\$aTokarczuk, Olga$d(1962- )
=245  10$aKwestia postrzegania /$cOlga Tokarczuk ; rozm. przepr. Agata Koss.
=260  \\$c1997.
=336  \\$aTekst$btxt$2rdacontent
=337  \\$aBez urządzenia pośredniczącego$bn$2rdamedia
=338  \\$aWolumin$bnc$2rdacarrier
=380  \\$aArtykuły
=600  17$aTokarczuk, Olga$d(1962- )$2DBN
=700  1\$aKoss, Agata$eRozm. przepr.
=773  0\$iW:$tKresy.$g1997, nr 2, s. 35-38
=909  \\$ab0000042191130
=915  \\$aBZCz 1997/42717
=916  \\$aTokarczuk, Olga   (1962- )
=918  1\$aKoss, Agata
=980  \\$aArtykuły
=996  \\$a.b42191130$9local$z48OMNIS_NLOP
=998  \\$ao$9local$z48OMNIS_NLOP
=999  \\$abzcz$bJR$bag$bbw$bkonw. 25/10/10(357924)$x10$y97
  
