=LDR  01371naa a2200409 i 4500
=001  b0000004219969
=005  20221015174840.4
=008  971129s1996    pl           |000 0 pol  
=009  9910380772705606
=015  \\$aBZCz 1997/42798
=035  \\$a991010932619705066
=035  \\$a(PL-WaBN)b42199694-48omnis_nlop
=035  \\$ab42199694
=035  \\$a(OCoLC)998635332
=040  \\$aWA N$cWA N
=084  \\$a20.2.2
=100  1\$aNalepa, Marek$d(1966- )
=245  10$a[Prawiek i inne czasy - recenzja] /$cMarek Nalepa.
=260  \\$c1996.
=336  \\$aTekst$btxt$2rdacontent
=337  \\$aBez urządzenia pośredniczącego$bn$2rdamedia
=338  \\$aWolumin$bnc$2rdacarrier
=380  \\$aArtykuły
=520  8\$aZawiera rec. książki: Prawiek i inne czasy / Olga Tokarczuk. - Warszawa, 1996.
=600  17$aTokarczuk, Olga$d(1962- ).$tPrawiek i inne czasy$2DBN
=655  \7$aRecenzja literacka$2DBN
=773  0\$iW:$tFraza : pismo literacko-społeczne.$x1230-4832.$gNr 14, (1996), s. 177-188
=909  \\$ab0000042199694
=915  \\$aBZCz 1997/42798
=916  \\$aNalepa, Marek   (1966- )
=955  \7$aRecenzja literacka$2DBN
=980  \\$aArtykuły
=996  \\$a.b42199694$9local$z48OMNIS_NLOP
=998  \\$ao$9local$z48OMNIS_NLOP
=999  \\$abzcz$bjv$bag$bbw$bkonw. 25/10/10(359197)$x10$y97
  
