=LDR  01350naa a2200409 i 4500
=001  b0000004224700
=005  20221015174909.2
=008  980130s1997    pl           |000 0 pol  
=009  9910196506605606
=015  \\$aBZCz 1997/52531
=035  \\$a991011117669705066
=035  \\$a(PL-WaBN)b42247007-48omnis_nlop
=035  \\$ab42247007
=035  \\$a(OCoLC)998684777
=040  \\$aWA N$cWA N
=084  \\$a20.2.2
=100  1\$aWojewoda, Beata
=245  10$a[Prawiek i inne czasy - recenzja] /$cBeata Wojewoda.
=260  \\$c1997.
=336  \\$aTekst$btxt$2rdacontent
=337  \\$aBez urządzenia pośredniczącego$bn$2rdamedia
=338  \\$aWolumin$bnc$2rdacarrier
=380  \\$aArtykuły
=520  8\$aZawiera rec. książki: Prawiek i inne czasy / Olga Tokarczuk. - Warszawa, 1996.
=600  17$aTokarczuk, Olga$d(1962- ).$tPrawiek i inne czasy$2DBN
=655  \7$aRecenzja literacka$2DBN
=773  0\$iW:$tŚląsk : miesięcznik społeczno-kulturalny.$g1997, nr 5, s. 73
=909  \\$ab0000042247007
=915  \\$aBZCz 1997/52531
=916  \\$aWojewoda, Beata   
=955  \7$aRecenzja literacka$2DBN
=980  \\$aArtykuły
=996  \\$a.b42247007$9local$z48OMNIS_NLOP
=998  \\$ao$9local$z48OMNIS_NLOP
=999  \\$abzcz$bjv$bko$bjkr$bkonw. 25/10/10(365683)$x12$y97
  
