=LDR  01407naa a2200409 i 4500
=001  b0000004226161
=005  20221014143614.2
=008  980130s1996    pl           |000 0 pol  
=009  9910120167605606
=015  \\$aBZCz 1997/52532
=035  \\$a991011175089705066
=035  \\$a(PL-WaBN)b42261612-48omnis_nlop
=035  \\$ab42261612
=035  \\$a(OCoLC)998699490
=040  \\$aWA N$cWA N
=084  \\$a20.2.2
=100  1\$aNowacki, Dariusz$d(1965- )
=245  10$a[Prawiek i inne czasy - recenzja] /$cDariusz Nowacki.
=260  \\$c1996.
=336  \\$aTekst$btxt$2rdacontent
=337  \\$aBez urządzenia pośredniczącego$bn$2rdamedia
=338  \\$aWolumin$bnc$2rdacarrier
=380  \\$aArtykuły
=520  8\$aZawiera rec. książki: Prawiek i inne czasy / Olga Tokarczuk. - Warszawa, 1996.
=600  17$aTokarczuk, Olga$d(1962- ).$tPrawiek i inne czasy$2DBN
=655  \7$aRecenzja literacka$2DBN
=773  0\$iW:$tFA-art : kwartalnik Ruchu "Wolność i Pokój".$x1231-0158.$g1996, nr 3, s. 74-77$w(PL)b0000001298027
=909  \\$ab0000042261612
=915  \\$aBZCz 1997/52532
=916  \\$aNowacki, Dariusz   (1965- )
=955  \7$aRecenzja literacka$2DBN
=980  \\$aArtykuły
=996  \\$a.b42261612$9local$z48OMNIS_NLOP
=998  \\$ao$9local$z48OMNIS_NLOP
=999  \\$abzcz$bjv$bag$bez$bkonw. 25/10/10(367403)$x12$y97
  
