=LDR  01289naa a2200397 i 4500
=001  b0000004226474
=005  20221014143459.1
=008  980130s1997    pl           |000 0 pol  
=009  9910094456305606
=015  \\$aBZCz 1997/51907
=035  \\$a991011187229705066
=035  \\$a(PL-WaBN)b42264741-48omnis_nlop
=035  \\$ab42264741
=035  \\$a(OCoLC)998702567
=040  \\$aWA N$cWA N
=084  \\$a18.5.2
=100  1\$aBortnowski, Stanisław$d(1935-2014)
=245  10$aWiersz Czesława Miłosza i proza Olgi Tokarczuk /$cStanisław Bortnowski.
=260  \\$c1997.
=336  \\$aTekst$btxt$2rdacontent
=337  \\$aBez urządzenia pośredniczącego$bn$2rdamedia
=338  \\$aWolumin$bnc$2rdacarrier
=380  \\$aArtykuły
=600  17$aMiłosz, Czesław$d(1911-2004)$2DBN
=650  \7$aJęzyk polski$xnauczanie$2DBN
=773  0\$iW:$tWarsztaty Polonistyczne.$g1997, nr 1, s. 33-40
=909  \\$ab0000042264741
=915  \\$aBZCz 1997/51907
=916  \\$aBortnowski, Stanisław   (1935-2014)
=980  \\$aArtykuły
=996  \\$a.b42264741$9local$z48OMNIS_NLOP
=998  \\$ao$9local$z48OMNIS_NLOP
=999  \\$abzcz$bls$bjb$bez$bkonw. 25/10/10(367910)$x12$y97
  
