=LDR  01321naa a2200409 i 4500
=001  b0000004226846
=005  20221014143558.4
=008  980130s1997    pl           |000 0 pol  
=009  9910379707405606
=015  \\$aBZCz 1997/52533
=035  \\$a991011202189705066
=035  \\$a(PL-WaBN)b42268461-48omnis_nlop
=035  \\$ab42268461
=035  \\$a(OCoLC)998706781
=040  \\$aWA N$cWA N
=084  \\$a20.2.2
=100  1\$aZiątek, Zygmunt
=245  10$a[Prawiek i inne czasy - recenzja] /$cZygmunt Ziątek.
=260  \\$c1997.
=336  \\$aTekst$btxt$2rdacontent
=337  \\$aBez urządzenia pośredniczącego$bn$2rdamedia
=338  \\$aWolumin$bnc$2rdacarrier
=380  \\$aArtykuły
=520  8\$aZawiera rec. książki: Prawiek i inne czasy / Olga Tokarczuk. - Warszawa, 1996.
=600  17$aTokarczuk, Olga$d(1962- ).$tPrawiek i inne czasy$2DBN
=655  \7$aRecenzja literacka$2DBN
=773  0\$iW:$tRegiony.$g1997, nr 3, s. 120-128
=909  \\$ab0000042268461
=915  \\$aBZCz 1997/52533
=916  \\$aZiątek, Zygmunt   
=955  \7$aRecenzja literacka$2DBN
=980  \\$aArtykuły
=996  \\$a.b42268461$9local$z48OMNIS_NLOP
=998  \\$ao$9local$z48OMNIS_NLOP
=999  \\$abzcz$bhm$bag$bjkr$bkonw. 25/10/10(368312)$x12$y97
  
