=LDR  01468naa a2200469 i 4500
=001  b0000004229270
=005  20221015175035.5
=008  960402s1995    pl           |000 0 pol  
=009  9910222860005606
=015  \\$aBZCz 1996/5402
=035  \\$a991011296279705066
=035  \\$a(PL-WaBN)b42292700-48omnis_nlop
=035  \\$ab42292700
=035  \\$a(OCoLC)998731577
=040  \\$aWA N$cWA N
=084  \\$a20.2.2
=100  1\$aŚliwiński, Piotr$d(1962- )
=245  10$a[E.E. - recenzja] /$cPiotr Śliwiński.
=260  \\$c1995.
=336  \\$aTekst$btxt$2rdacontent
=337  \\$aBez urządzenia pośredniczącego$bn$2rdamedia
=338  \\$aWolumin$bnc$2rdacarrier
=380  \\$aArtykuły
=520  8\$aZawiera rec. książki: E.E. / Olga Tokarczuk. - Warszawa, 1995.
=600  17$aTokarczuk, Olga$d(1962- )$2DBN
=630  07$aE.E.$2DBN
=650  \7$aLiteratura polska$2DBN
=655  \7$aRecenzja literacka$2DBN
=658  \\$aLiteraturoznawstwo
=773  0\$iW:$tRes Publica Nowa.$x1230-2155.$g1995, nr 12, s. 65-66
=909  \\$ab0000042292700
=915  \\$aBZCz 1996/5402
=916  \\$aŚliwiński, Piotr   (1962- )
=930  07$aE.E.$2DBN
=955  \7$aRecenzja literacka$2DBN
=958  \\$aLiteraturoznawstwo
=980  \\$aArtykuły
=996  \\$a.b42292700$9local$z48OMNIS_NLOP
=998  \\$ao$9local$z48OMNIS_NLOP
=999  \\$abzcz$bSp$bjb$bez$bkonw. 25/10/10(371569)$x02$y96
  
