=LDR  01535naa a2200481 i 4500
=001  b0000004230765
=005  20211030064519.4
=008  960502s1996    pl           |000 0 pol  
=009  9910066199105606
=015  \\$aBZCz 1996/8939
=035  \\$a991011353929705066
=035  \\$a(PL-WaBN)b4230765x-48omnis_nlop
=035  \\$ab4230765x
=035  \\$a(OCoLC)998747873
=040  \\$aWA N$cWA N
=084  \\$a20.2.2
=100  1\$aCzachowska, Agnieszka
=245  10$a[E.E. - recenzja] /$cAgnieszka Czachowska.
=260  \\$c1996.
=336  \\$aTekst$btxt$2rdacontent
=337  \\$aBez urządzenia pośredniczącego$bn$2rdamedia
=338  \\$aWolumin$bnc$2rdacarrier
=380  \\$aArtykuły
=520  8\$aZawiera rec. książki: E.E. / Olga Tokarczuk. - Warszawa, 1995.
=600  17$aTokarczuk, Olga$d(1962- )$2DBN
=630  07$aE.E.$2DBN
=650  \7$aLiteratura polska$2DBN
=655  \7$aRecenzja literacka$2DBN
=658  \\$aLiteraturoznawstwo
=773  0\$iW:$tTwórczość : miesięcznik literacko-krytyczny.$x0041-4727.$g1996, nr 1, s. 100-102
=902  \\$a180101$c960502$dm$eb$fb$g0
=909  \\$ab000004230765x
=915  \\$aBZCz 1996/8939
=916  \\$aCzachowska, Agnieszka   
=930  07$aE.E.$2DBN
=955  \7$aRecenzja literacka$2DBN
=958  \\$aLiteraturoznawstwo
=980  \\$aArtykuły
=996  \\$a.b4230765x$9local$z48OMNIS_NLOP
=998  \\$ao$9local$z48OMNIS_NLOP
=999  \\$abzcz$bjkr$bjb$bbw$bkonw. 25/10/10(373644)$x03$y96
  
