=LDR  01453naa a2200469 i 4500
=001  b0000004232709
=005  20221014143614.2
=008  960523s1995    pl           |000 0 pol  
=009  9910027808605606
=015  \\$aBZCz 1996/12658
=035  \\$a991011430789705066
=035  \\$a(PL-WaBN)b4232709x-48omnis_nlop
=035  \\$ab4232709x
=035  \\$a(OCoLC)998870167
=040  \\$aWA N$cWA N
=084  \\$a20.2.2
=100  1\$aFranaszek, Andrzej$d(1971- )
=245  10$a[E.E. - recenzja] /$cAndrzej Franaszek.
=260  \\$c1995.
=336  \\$aTekst$btxt$2rdacontent
=337  \\$aBez urządzenia pośredniczącego$bn$2rdamedia
=338  \\$aWolumin$bnc$2rdacarrier
=380  \\$aArtykuły
=520  8\$aZawiera rec. książki: E.E. / Olga Tokarczuk. - Warszawa, 1995.
=600  17$aTokarczuk, Olga$d(1962- )$2DBN
=630  07$aE.E.$2DBN
=650  \7$aLiteratura polska$2DBN
=655  \7$aRecenzja literacka$2DBN
=658  \\$aLiteraturoznawstwo
=773  0\$iW:$tNaGłos.$gNr 21, (1995), s. 191-201
=909  \\$ab000004232709x
=915  \\$aBZCz 1996/12658
=916  \\$aFranaszek, Andrzej   (1971- )
=930  07$aE.E.$2DBN
=955  \7$aRecenzja literacka$2DBN
=958  \\$aLiteraturoznawstwo
=980  \\$aArtykuły
=996  \\$a.b4232709x$9local$z48OMNIS_NLOP
=998  \\$ao$9local$z48OMNIS_NLOP
=999  \\$abzcz$bSp$bko$bez$bkonw. 25/10/10(376418)$x04$y96
  
