=LDR  01435naa a2200469 i 4500
=001  b0000004232836
=005  20221015174909.2
=008  960523s1996    pl           |000 0 pol  
=009  9910367492205606
=015  \\$aBZCz 1996/12659
=035  \\$a991011435849705066
=035  \\$a(PL-WaBN)b42328366-48omnis_nlop
=035  \\$ab42328366
=035  \\$a(OCoLC)998870707
=040  \\$aWA N$cWA N
=084  \\$a20.2.2
=100  1\$aSzaruga, Leszek$d(1946- )
=245  10$a[E.E. - recenzja] /$cLeszek Szaruga.
=260  \\$c1996.
=336  \\$aTekst$btxt$2rdacontent
=337  \\$aBez urządzenia pośredniczącego$bn$2rdamedia
=338  \\$aWolumin$bnc$2rdacarrier
=380  \\$aArtykuły
=520  8\$aZawiera rec. książki: E.E. / Olga Tokarczuk. - Warszawa, 1995.
=600  17$aTokarczuk, Olga$d(1962- )$2DBN
=630  07$aE.E.$2DBN
=650  \7$aLiteratura polska$2DBN
=655  \7$aRecenzja literacka$2DBN
=658  \\$aLiteraturoznawstwo
=773  0\$iW:$tSycyna.$g1996, nr 5, s. 17
=909  \\$ab0000042328366
=915  \\$aBZCz 1996/12659
=916  \\$aSzaruga, Leszek   (1946- )
=930  07$aE.E.$2DBN
=955  \7$aRecenzja literacka$2DBN
=958  \\$aLiteraturoznawstwo
=980  \\$aArtykuły
=996  \\$a.b42328366$9local$z48OMNIS_NLOP
=998  \\$ao$9local$z48OMNIS_NLOP
=999  \\$abzcz$bhm$bag$bbw$bkonw. 25/10/10(376652)$x04$y96
  
