=LDR  01496naa a2200469 i 4500
=001  b0000004232967
=005  20221015175050.0
=008  960523s1996    pl           |000 0 pol  
=009  9910448702305606
=015  \\$aBZCz 1996/12660
=035  \\$a991011440959705066
=035  \\$a(PL-WaBN)b4232967x-48omnis_nlop
=035  \\$ab4232967x
=035  \\$a(OCoLC)998871209
=040  \\$aWA N$cWA N
=084  \\$a20.2.2
=100  1\$aBauer, Zbigniew$d(1952-2014)
=245  10$a[E.E. - recenzja] /$cZbigniew Bauer.
=260  \\$c1996.
=336  \\$aTekst$btxt$2rdacontent
=337  \\$aBez urządzenia pośredniczącego$bn$2rdamedia
=338  \\$aWolumin$bnc$2rdacarrier
=380  \\$aArtykuły
=520  8\$aZawiera rec. książki: E.E. / Olga Tokarczuk. - Warszawa, 1995.
=600  17$aTokarczuk, Olga$d(1962- )$2DBN
=630  07$aE.E.$2DBN
=650  \7$aLiteratura polska$2DBN
=655  \7$aRecenzja literacka$2DBN
=658  \\$aLiteraturoznawstwo
=773  0\$iW:$tNowe Książki : przegląd nowości wydawniczych.$x0137-8562.$g1996, nr 3, s. 13
=909  \\$ab000004232967x
=915  \\$aBZCz 1996/12660
=916  \\$aBauer, Zbigniew   (1952-2014)
=930  07$aE.E.$2DBN
=955  \7$aRecenzja literacka$2DBN
=958  \\$aLiteraturoznawstwo
=980  \\$aArtykuły
=996  \\$a.b4232967x$9local$z48OMNIS_NLOP
=998  \\$ao$9local$z48OMNIS_NLOP
=999  \\$abzcz$bjkr$bag$bez$bkonw. 25/10/10(376862)$x04$y96
  
