=LDR  01463naa a2200469 i 4500
=001  b0000004238048
=005  20221014143542.6
=008  960906s1996    pl           |000 0 pol  
=009  9910521780405606
=015  \\$aBZCz 1996/20963
=035  \\$a991011638509705066
=035  \\$a(PL-WaBN)b42380480-48omnis_nlop
=035  \\$ab42380480
=035  \\$a(OCoLC)998909418
=040  \\$aWA N$cWA N
=084  \\$a20.2.2
=100  1\$aOrski, Mieczysław$d(1943- )
=245  10$a[E.E. - recenzja] /$cMieczysław Orski.
=260  \\$c1996.
=336  \\$aTekst$btxt$2rdacontent
=337  \\$aBez urządzenia pośredniczącego$bn$2rdamedia
=338  \\$aWolumin$bnc$2rdacarrier
=380  \\$aArtykuły
=520  8\$aZawiera rec. książki: E.E. / Olga Tokarczuk. - Warszawa, 1995.
=600  17$aTokarczuk, Olga$d(1962- )$2DBN
=630  07$aE.E.$2DBN
=650  \7$aLiteratura polska$2DBN
=655  \7$aRecenzja literacka$2DBN
=658  \\$aLiteraturoznawstwo
=773  0\$iW:$tPrzegląd Powszechny.$g1996, nr 3, s. 361-363
=909  \\$ab0000042380480
=915  \\$aBZCz 1996/20963
=916  \\$aOrski, Mieczysław   (1943- )
=930  07$aE.E.$2DBN
=955  \7$aRecenzja literacka$2DBN
=958  \\$aLiteraturoznawstwo
=980  \\$aArtykuły
=996  \\$a.b42380480$9local$z48OMNIS_NLOP
=998  \\$ao$9local$z48OMNIS_NLOP
=999  \\$abzcz$bms$btg$bez$bkonw. 25/10/10(383827)$x06$y96
  
