=LDR  01496naa a2200469 i 4500
=001  b0000004238049
=005  20221014143443.3
=008  960906s1996    pl           |000 0 pol  
=009  9910123068005606
=015  \\$aBZCz 1996/20964
=035  \\$a991011638549705066
=035  \\$a(PL-WaBN)b42380492-48omnis_nlop
=035  \\$ab42380492
=035  \\$a(OCoLC)998909419
=040  \\$aWA N$cWA N
=084  \\$a20.2.2
=100  1\$aRatajczak, Mirosław$d(1952- )
=245  10$a[E.E. - recenzja] /$cMirosław Ratajczak.
=260  \\$c1996.
=336  \\$aTekst$btxt$2rdacontent
=337  \\$aBez urządzenia pośredniczącego$bn$2rdamedia
=338  \\$aWolumin$bnc$2rdacarrier
=380  \\$aArtykuły
=520  8\$aZawiera rec. książki: E.E. / Olga Tokarczuk. - Warszawa, 1995.
=600  17$aTokarczuk, Olga$d(1962- )$2DBN
=630  07$aE.E.$2DBN
=650  \7$aLiteratura polska$2DBN
=655  \7$aRecenzja literacka$2DBN
=658  \\$aLiteraturoznawstwo
=773  0\$iW:$tOdra (Wrocław).$x0472-5182.$g1996, nr 2, s. 108-109$w(PL)b0000001479660
=909  \\$ab0000042380492
=915  \\$aBZCz 1996/20964
=916  \\$aRatajczak, Mirosław   (1952- )
=930  07$aE.E.$2DBN
=955  \7$aRecenzja literacka$2DBN
=958  \\$aLiteraturoznawstwo
=980  \\$aArtykuły
=996  \\$a.b42380492$9local$z48OMNIS_NLOP
=998  \\$ao$9local$z48OMNIS_NLOP
=999  \\$abzcz$bls$bko$bbw$bkonw. 25/10/10(383828)$x06$y96
  
