=LDR  01487naa a2200469 i 4500
=001  b0000004239054
=005  20221015175021.1
=008  960927s1996    pl           |000 0 pol  
=009  9910184885405606
=015  \\$aBZCz 1996/26048
=035  \\$a991011677759705066
=035  \\$a(PL-WaBN)b42390540-48omnis_nlop
=035  \\$ab42390540
=035  \\$a(OCoLC)998917785
=040  \\$aWA N$cWA N
=084  \\$a20.2.2
=100  1\$aZiemkiewicz, Rafał A.$d(1964- )
=245  10$a[E.E. - recenzja] /$cRafał A[leksander] Ziemkiewicz.
=260  \\$c1996.
=336  \\$aTekst$btxt$2rdacontent
=337  \\$aBez urządzenia pośredniczącego$bn$2rdamedia
=338  \\$aWolumin$bnc$2rdacarrier
=380  \\$aArtykuły
=520  8\$aZawiera rec. książki: E.E. / Olga Tokarczuk. - Warszawa, 1995.
=600  17$aTokarczuk, Olga$d(1962- )$2DBN
=630  07$aE.E.$2DBN
=650  \7$aLiteratura polska$2DBN
=655  \7$aRecenzja literacka$2DBN
=658  \\$aLiteraturoznawstwo
=773  0\$iW:$tNowa Fantastyka.$x0867-132X.$g1996, nr 5, s. 70
=909  \\$ab0000042390540
=915  \\$aBZCz 1996/26048
=916  \\$aZiemkiewicz, Rafał A.   (1964- )
=930  07$aE.E.$2DBN
=955  \7$aRecenzja literacka$2DBN
=958  \\$aLiteraturoznawstwo
=980  \\$aArtykuły
=996  \\$a.b42390540$9local$z48OMNIS_NLOP
=998  \\$ao$9local$z48OMNIS_NLOP
=999  \\$abzcz$bSp$bjb$bew$bkonw. 25/10/10(385014)$x07$y96
  
