=LDR  01454naa a2200469 i 4500
=001  b0000004239109
=005  20221015174811.7
=008  960927s1996    pl           |000 0 pol  
=009  9910173311905606
=015  \\$aBZCz 1996/26049
=035  \\$a991011679819705066
=035  \\$a(PL-WaBN)b4239109x-48omnis_nlop
=035  \\$ab4239109x
=035  \\$a(OCoLC)998918275
=040  \\$aWA N$cWA N
=084  \\$a20.2.2
=100  1\$aMizerkiewicz, Tomasz$d(1971- )
=245  10$a[E.E. - recenzja] /$cTomasz Mizerkiewicz.
=260  \\$c1996.
=336  \\$aTekst$btxt$2rdacontent
=337  \\$aBez urządzenia pośredniczącego$bn$2rdamedia
=338  \\$aWolumin$bnc$2rdacarrier
=380  \\$aArtykuły
=520  8\$aZawiera rec. książki: E.E. / Olga Tokarczuk. - Warszawa, 1995.
=600  17$aTokarczuk, Olga$d(1962- )$2DBN
=630  07$aE.E.$2DBN
=650  \7$aLiteratura polska$2DBN
=655  \7$aRecenzja literacka$2DBN
=658  \\$aLiteraturoznawstwo
=773  0\$iW:$tArkusz.$g1996, nr 2, s. 10-11
=909  \\$ab000004239109x
=915  \\$aBZCz 1996/26049
=916  \\$aMizerkiewicz, Tomasz   (1971- )
=930  07$aE.E.$2DBN
=955  \7$aRecenzja literacka$2DBN
=958  \\$aLiteraturoznawstwo
=980  \\$aArtykuły
=996  \\$a.b4239109x$9local$z48OMNIS_NLOP
=998  \\$ao$9local$z48OMNIS_NLOP
=999  \\$abzcz$bUN$bez$bezm$bkonw. 25/10/10(385088)$x07$y96
  
