=LDR  01369naa a2200421 i 4500
=001  b0000004239115
=005  20221015174855.0
=008  960927s1996    pl           |000 0 pol  
=009  9910382421805606
=015  \\$aBZCz 1996/26012
=035  \\$a991011680079705066
=035  \\$a(PL-WaBN)b42391155-48omnis_nlop
=035  \\$ab42391155
=035  \\$a(OCoLC)998917894
=040  \\$aWA N$cWA N
=084  \\$a20.2.1
=100  1\$aTokarczuk, Olga$d(1962- )
=245  10$aNie tu i nie teraz /$cOlga Tokarczuk ; rozm. przepr. Przemysław Czapliński, Piotr Śliwiński.
=260  \\$c1996.
=336  \\$aTekst$btxt$2rdacontent
=337  \\$aBez urządzenia pośredniczącego$bn$2rdamedia
=338  \\$aWolumin$bnc$2rdacarrier
=380  \\$aArtykuły
=600  17$aTokarczuk, Olga$d(1962- )$2DBN
=700  1\$aCzapliński, Przemysław$d(1962- )
=773  0\$iW:$tArkusz.$g1996, nr 2, s. 10-11
=909  \\$ab0000042391155
=915  \\$aBZCz 1996/26012
=916  \\$aTokarczuk, Olga   (1962- )
=918  1\$aCzapliński, Przemysław$d(1962- )
=980  \\$aArtykuły
=996  \\$a.b42391155$9local$z48OMNIS_NLOP
=998  \\$ao$9local$z48OMNIS_NLOP
=999  \\$abzcz$bUN$bez$bezm$bkonw. 25/10/10(385095)$x07$y96
  
