=LDR  01303naa a2200397 i 4500
=001  b0000004239798
=005  20221015174952.3
=008  960927s1996    pl           |000 0 pol  
=009  9910399695005606
=015  \\$aBZCz 1996/26011
=035  \\$a991011706679705066
=035  \\$a(PL-WaBN)b42397984-48omnis_nlop
=035  \\$ab42397984
=035  \\$a(OCoLC)998924172
=040  \\$aWA N$cWA N
=084  \\$a20.2.1
=100  1\$aTokarczuk, Olga$d(1962- )
=245  10$aMogę przestać pisać /$cOlga Tokarczuk ; rozm. przepr. Karol Maliszewski.
=260  \\$c1996.
=336  \\$aTekst$btxt$2rdacontent
=337  \\$aBez urządzenia pośredniczącego$bn$2rdamedia
=338  \\$aWolumin$bnc$2rdacarrier
=380  \\$aArtykuły
=600  17$aTokarczuk, Olga$d(1962- )$2DBN
=700  1\$aMaliszewski, Karol$d(1960- )$eRozm. przepr.
=773  0\$iW:$tOdra (Wrocław).$x0472-5182.$g1996, nr 4, s. 77-82$w(PL)b0000001479660
=909  \\$ab0000042397984
=915  \\$aBZCz 1996/26011
=916  \\$aTokarczuk, Olga   (1962- )
=918  1\$aMaliszewski, Karol$d(1960- )
=980  \\$aArtykuły
=996  \\$a.b42397984$9local$z48OMNIS_NLOP
=998  \\$ao$9local$z48OMNIS_NLOP
=999  \\$abzcz$bjkr$bag$bezm$bkonw. 25/10/10(386107)$x07$y96
  
