=LDR  01180naa a2200373 i 4500
=001  b0000004241792
=005  20221014143542.6
=008  961104s1996    pl           |000 0 pol  
=009  9910084089305606
=015  \\$aBZCz 1996/30848
=035  \\$a991011784229705066
=035  \\$a(PL-WaBN)b42417922-48omnis_nlop
=035  \\$ab42417922
=035  \\$a(OCoLC)998940967
=040  \\$aWA N$cWA N
=084  \\$a20.2.1
=100  1\$aSarnicka, Stefania.
=245  10$a"Naprawdę istnieją tylko osoby" :$b(o powieściach Olgi Tokarczuk) /$cStefania Sarnicka.
=260  \\$c1996.
=336  \\$aTekst$btxt$2rdacontent
=337  \\$aBez urządzenia pośredniczącego$bn$2rdamedia
=338  \\$aWolumin$bnc$2rdacarrier
=380  \\$aArtykuły
=600  17$aTokarczuk, Olga$d(1962- )$2DBN
=773  0\$iW:$tWarsztaty Polonistyczne.$g1996, nr 2, s. 147-148
=909  \\$ab0000042417922
=915  \\$aBZCz 1996/30848
=916  \\$aSarnicka, Stefania.   
=980  \\$aArtykuły
=996  \\$a.b42417922$9local$z48OMNIS_NLOP
=998  \\$ao$9local$z48OMNIS_NLOP
=999  \\$abzcz$bjkr$bko$bew$bkonw. 25/10/10(388743)$x09$y96
  
