=LDR  01439naa a2200469 i 4500
=001  b0000004243628
=005  20221014143511.1
=008  961104s1996    pl           |000 0 pol  
=009  9910009631805606
=015  \\$aBZCz 1996/30877
=035  \\$a991011855169705066
=035  \\$a(PL-WaBN)b4243628x-48omnis_nlop
=035  \\$ab4243628x
=035  \\$a(OCoLC)998955136
=040  \\$aWA N$cWA N
=084  \\$a20.2.2
=100  1\$aKraskowska, Ewa$d(1954- )
=245  10$a[E.E. - recenzja] /$cEwa Kraskowska.
=260  \\$c1996.
=336  \\$aTekst$btxt$2rdacontent
=337  \\$aBez urządzenia pośredniczącego$bn$2rdamedia
=338  \\$aWolumin$bnc$2rdacarrier
=380  \\$aArtykuły
=520  8\$aZawiera rec. książki: E.E. / Olga Tokarczuk. - Warszawa, 1995.
=600  17$aTokarczuk, Olga$d(1962- )$2DBN
=630  07$aE.E.$2DBN
=650  \7$aLiteratura polska$2DBN
=655  \7$aRecenzja literacka$2DBN
=658  \\$aLiteraturoznawstwo
=773  0\$iW:$tArkusz.$g1996, nr 4, s. 10-11
=909  \\$ab000004243628x
=915  \\$aBZCz 1996/30877
=916  \\$aKraskowska, Ewa   (1954- )
=930  07$aE.E.$2DBN
=955  \7$aRecenzja literacka$2DBN
=958  \\$aLiteraturoznawstwo
=980  \\$aArtykuły
=996  \\$a.b4243628x$9local$z48OMNIS_NLOP
=998  \\$ao$9local$z48OMNIS_NLOP
=999  \\$abzcz$bjkr$bko$bbw$bkonw. 25/10/10(391253)$x09$y96
  
