=LDR  01397naa a2200409 i 4500
=001  b0000004247158
=005  20221015174909.2
=008  961206s1996    pl           |000 0 pol  
=009  9910176840405606
=015  \\$aBZCz 1996/36438
=035  \\$a991011993039705066
=035  \\$a(PL-WaBN)b42471588-48omnis_nlop
=035  \\$ab42471588
=035  \\$a(OCoLC)998983867
=040  \\$aWA N$cWA N
=084  \\$a20.2.2
=100  1\$aOrski, Mieczysław$d(1943- )
=245  10$a[Prawiek i inne czasy - recenzja] /$cMieczysław Orski.
=260  \\$c1996.
=336  \\$aTekst$btxt$2rdacontent
=337  \\$aBez urządzenia pośredniczącego$bn$2rdamedia
=338  \\$aWolumin$bnc$2rdacarrier
=380  \\$aArtykuły
=520  8\$aZawiera rec. książki: Prawiek i inne czasy / Olga Tokarczuk. - Warszawa, 1996.
=600  17$aTokarczuk, Olga$d(1962- ).$tPrawiek i inne czasy$2DBN
=655  \7$aRecenzja literacka$2DBN
=773  0\$iW:$tNowe Książki : przegląd nowości wydawniczych.$x0137-8562.$g1996, nr 8, s. 46-47
=909  \\$ab0000042471588
=915  \\$aBZCz 1996/36438
=916  \\$aOrski, Mieczysław   (1943- )
=955  \7$aRecenzja literacka$2DBN
=980  \\$aArtykuły
=996  \\$a.b42471588$9local$z48OMNIS_NLOP
=998  \\$ao$9local$z48OMNIS_NLOP
=999  \\$abzcz$bjkr$bko$bezm$bkonw. 25/10/10(396258)$x10$y96
  
