=LDR  01192naa a2200373 i 4500
=001  b0000004248491
=005  20221014143558.4
=008  970110s1996    pl           |000 0 pol  
=009  9910066331305606
=015  \\$aBZCz 1996/41749
=035  \\$a991012045219705066
=035  \\$a(PL-WaBN)b42484911-48omnis_nlop
=035  \\$ab42484911
=035  \\$a(OCoLC)998992909
=040  \\$aWA N$cWA N
=084  \\$a20.2.1
=100  1\$aNalepa, Marek$d(1966- )
=245  10$aDemony, duchy i potworki, czyli kłopoty z dorastaniem /$cMarek Nalepa.
=260  \\$c1996.
=336  \\$aTekst$btxt$2rdacontent
=337  \\$aBez urządzenia pośredniczącego$bn$2rdamedia
=338  \\$aWolumin$bnc$2rdacarrier
=380  \\$aArtykuły
=600  17$aTokarczuk, Olga$d(1962- )$2DBN
=773  0\$iW:$tFraza : pismo literacko-społeczne.$x1230-4832.$gNr 13, (1996), s. 167-176
=909  \\$ab0000042484911
=915  \\$aBZCz 1996/41749
=916  \\$aNalepa, Marek   (1966- )
=980  \\$aArtykuły
=996  \\$a.b42484911$9local$z48OMNIS_NLOP
=998  \\$ao$9local$z48OMNIS_NLOP
=999  \\$abzcz$baj$bjb$bez$bkonw. 25/10/10(397825)$x11$y96
  
