=LDR  01347naa a2200397 i 4500
=001  b0000004267986
=005  20221015175118.8
=008  070504s2006    pl           |000 0 pol  
=009  9910479971105606
=015  \\$aBZCz 2007/21635
=035  \\$a991012805129705066
=035  \\$a(PL-WaBN)b42679862-48omnis_nlop
=035  \\$ab42679862
=035  \\$a(OCoLC)999193271
=040  \\$aWA N$cWA N
=100  1\$aDarska, Bernadetta$d(1978- )
=245  10$aŚwiat bez granic /$cBernadetta Darska.
=260  \\$c2006.
=336  \\$aTekst$btxt$2rdacontent
=337  \\$aBez urządzenia pośredniczącego$bn$2rdamedia
=338  \\$aWolumin$bnc$2rdacarrier
=380  \\$aArtykuły
=520  8\$aZawiera rec. książki: Anna In w grobowcach świata / Olga Tokarczuk. - Kraków, 2006.
=600  17$aTokarczuk, Olga$d(1962- ).$tAnna In w grobowcach świata$2DBN
=655  \7$aRecenzja literacka$2DBN
=773  0\$iW:$tDekada Literacka : tygodnik kulturalny.$x0867-4094.$gR. 16, nr 4 (2006), s. 77-79
=909  \\$ab0000042679862
=915  \\$aBZCz 2007/21635
=916  \\$aDarska, Bernadetta   (1978- )
=955  \7$aRecenzja literacka$2DBN
=980  \\$aArtykuły
=996  \\$a.b42679862$9local$z48OMNIS_NLOP
=998  \\$ao$9local$z48OMNIS_NLOP
=999  \\$abzcz$bmw$bgj$bas$x05$y2007
  
