=LDR  01316naa a2200397 i 4500
=001  b0000004268146
=005  20221014143459.1
=008  070509s2006    pl           |000 0 pol  
=009  9910145115105606
=015  \\$aBZCz 2007/21847
=035  \\$a991012811369705066
=035  \\$a(PL-WaBN)b42681467-48omnis_nlop
=035  \\$ab42681467
=035  \\$a(OCoLC)999194973
=040  \\$aWA N$cWA N
=100  1\$aPiaszczyński, Piotr$d(1955- )
=245  10$aTaniec śmierci /$cPiotr Piaszczyński.
=260  \\$c2006.
=336  \\$aTekst$btxt$2rdacontent
=337  \\$aBez urządzenia pośredniczącego$bn$2rdamedia
=338  \\$aWolumin$bnc$2rdacarrier
=380  \\$aArtykuły
=520  8\$aZawiera rec. książki: Ostatnie historie / Olga Tokarczuk. - Kraków, 2004.
=600  17$aTokarczuk, Olga$d(1962- ).$tOstatnie historie$2DBN
=655  \7$aRecenzja literacka$2DBN
=773  0\$iW:$tBorussia (Wyd. 1).$x0867-6402.$gR. 15[16], nr 39 (2006), s. 284-285
=909  \\$ab0000042681467
=915  \\$aBZCz 2007/21847
=916  \\$aPiaszczyński, Piotr   (1955- )
=955  \7$aRecenzja literacka$2DBN
=980  \\$aArtykuły
=996  \\$a.b42681467$9local$z48OMNIS_NLOP
=998  \\$ao$9local$z48OMNIS_NLOP
=999  \\$abzcz$bws$bag$bjkr$x05$y2007
  
