=LDR  01347naa a2200397 i 4500
=001  b0000004268316
=005  20221014143459.1
=008  070511s2006    pl           |000 0 pol  
=009  9910331785905606
=015  \\$aBZCz 2007/22112
=035  \\$a991012818129705066
=035  \\$a(PL-WaBN)b42683166-48omnis_nlop
=035  \\$ab42683166
=035  \\$a(OCoLC)999197123
=040  \\$aWA N$cWA N
=100  1\$aMorawiec, Arkadiusz$d(1969- )
=245  10$aNa zamówienie /$cArkadiusz Morawiec.
=260  \\$c2006.
=336  \\$aTekst$btxt$2rdacontent
=337  \\$aBez urządzenia pośredniczącego$bn$2rdamedia
=338  \\$aWolumin$bnc$2rdacarrier
=380  \\$aArtykuły
=520  8\$aZawiera rec. książki: Anna In w grobowcach świata / Olga Tokarczuk. - Kraków, 2006.
=600  17$aTokarczuk, Olga$d(1962- ).$tAnna In w grobowcach świata$2DBN
=655  \7$aRecenzja literacka$2DBN
=773  0\$iW:$tNowe Książki : przegląd nowości wydawniczych.$x0137-8562.$g2006, nr 11, s. 36
=909  \\$ab0000042683166
=915  \\$aBZCz 2007/22112
=916  \\$aMorawiec, Arkadiusz   (1969- )
=955  \7$aRecenzja literacka$2DBN
=980  \\$aArtykuły
=996  \\$a.b42683166$9local$z48OMNIS_NLOP
=998  \\$ao$9local$z48OMNIS_NLOP
=999  \\$abzcz$bmw$bag$bbw$x05$y2007
  
