=LDR  01406naa a2200397 i 4500
=001  b0000004270422
=005  20221015175006.7
=008  070504s2006    pl           |000 0 pol  
=009  9910447761505606
=015  \\$aBZCz 2007/25426
=035  \\$a991012899339705066
=035  \\$a(PL-WaBN)b42704224-48omnis_nlop
=035  \\$ab42704224
=035  \\$a(OCoLC)999220740
=040  \\$aWA N$cWA N$dWA N
=100  1\$aUniłowski, Krzysztof$d(1967-2019)
=245  10$aAnna In na straganach świata /$cKrzysztof Uniłowski.
=260  \\$c2006.
=336  \\$aTekst$btxt$2rdacontent
=337  \\$aBez urządzenia pośredniczącego$bn$2rdamedia
=338  \\$aWolumin$bnc$2rdacarrier
=380  \\$aArtykuły
=520  8\$aZawiera rec. książki: Anna In w grobowcach świata / Olga Tokarczuk. - Kraków, 2006.
=600  17$aTokarczuk, Olga$d(1962- ).$tAnna In w grobowcach świata$2DBN
=655  \7$aRecenzja literacka$2DBN
=773  0\$iW:$tFA-art : kwartalnik Ruchu "Wolność i Pokój".$x1231-0158.$g2006, nr 4, s. 14-21$w(PL)b0000001298027
=909  \\$ab0000042704224
=915  \\$aBZCz 2007/25426
=916  \\$aUniłowski, Krzysztof   (1967-2019)
=955  \7$aRecenzja literacka$2DBN
=980  \\$aArtykuły
=996  \\$a.b42704224$9local$z48OMNIS_NLOP
=998  \\$ao$9local$z48OMNIS_NLOP
=999  \\$abzcz$baw$bag$bak$x06$y2007$amerk
  
