=LDR  01332naa a2200397 i 4500
=001  b0000004277984
=005  20221015174952.3
=008  070810s2007    pl           |000 0 pol  
=009  9910218885005606
=015  \\$aBZCz 2007/35913
=035  \\$a991013187349705066
=035  \\$a(PL-WaBN)b42779844-48omnis_nlop
=035  \\$ab42779844
=035  \\$a(OCoLC)999292834
=040  \\$aWA N$cWA N
=100  1\$aSipko, Katarzyna.
=245  10$aPrzeszłość w przyszłości /$cKatarzyna Sipko.
=260  \\$c2007.
=336  \\$aTekst$btxt$2rdacontent
=337  \\$aBez urządzenia pośredniczącego$bn$2rdamedia
=338  \\$aWolumin$bnc$2rdacarrier
=380  \\$aArtykuły
=520  8\$aZawiera rec. książki: Anna In w grobowcach świata / Olga Tokarczuk. - Kraków, 2006.
=600  17$aTokarczuk, Olga$d(1962- ).$tAnna In w grobowcach świata$2DBN
=655  \7$aRecenzja literacka$2DBN
=773  0\$iW:$tOdra (Wrocław).$x0472-5182.$gR. 47, nr 1 (2007), s. 117$w(PL)b0000001479660
=909  \\$ab0000042779844
=915  \\$aBZCz 2007/35913
=916  \\$aSipko, Katarzyna.   
=955  \7$aRecenzja literacka$2DBN
=980  \\$aArtykuły
=996  \\$a.b42779844$9local$z48OMNIS_NLOP
=998  \\$ao$9local$z48OMNIS_NLOP
=999  \\$abzcz$bws$bag$bak$x09$y2007
  
