=LDR  01374naa a2200397 i 4500
=001  b0000004281657
=005  20221015175133.2
=008  070925s2007    pl           |000 0 pol  
=009  9910405866005606
=015  \\$aBZCz 2007/41552
=035  \\$a991013331659705066
=035  \\$a(PL-WaBN)b42816579-48omnis_nlop
=035  \\$ab42816579
=035  \\$a(OCoLC)999304654
=040  \\$aWA N$cWA N
=100  1\$aGeraga, Magdalena
=245  10$aTabletki na nieśmiertelność, czyli podróży ciąg dalszy /$cMagdalena Geraga.
=260  \\$c2007.
=336  \\$aTekst$btxt$2rdacontent
=337  \\$aBez urządzenia pośredniczącego$bn$2rdamedia
=338  \\$aWolumin$bnc$2rdacarrier
=380  \\$aArtykuły
=520  8\$aZawiera rec. książki: Anna In w grobowcach świata / Olga Tokarczuk. - Kraków, 2006.
=600  17$aTokarczuk, Olga$d(1962- ).$tAnna In w grobowcach świata$2DBN
=655  \7$aRecenzja literacka$2DBN
=773  0\$iW:$tFraza : pismo literacko-społeczne.$x1230-4832.$gR. 16, nr 4/1 (2006/2007), s. 303-304
=909  \\$ab0000042816579
=915  \\$aBZCz 2007/41552
=916  \\$aGeraga, Magdalena   
=955  \7$aRecenzja literacka$2DBN
=980  \\$aArtykuły
=996  \\$a.b42816579$9local$z48OMNIS_NLOP
=998  \\$ao$9local$z48OMNIS_NLOP
=999  \\$abzcz$bmw$bgj$bbw$x10$y2007
  
