=LDR  01371naa a2200397 i 4500
=001  b0000004283567
=005  20221014143614.2
=008  071018s2007    pl           |000 0 pol  
=009  9910142747205606
=015  \\$aBZCz 2007/44768
=035  \\$a991013405809705066
=035  \\$a(PL-WaBN)b42835677-48omnis_nlop
=035  \\$ab42835677
=035  \\$a(OCoLC)998247063
=040  \\$aWA N$cWA N
=100  1\$aJentys-Borelowska, Maria$d(1942- )
=245  10$aZmartwychwstanie bogini /$cMaria Jentys.
=260  \\$c2007.
=336  \\$aTekst$btxt$2rdacontent
=337  \\$aBez urządzenia pośredniczącego$bn$2rdamedia
=338  \\$aWolumin$bnc$2rdacarrier
=380  \\$aArtykuły
=520  8\$aZawiera rec. książki: Anna In w grobowcach świata / Olga Tokarczuk. - Kraków, 2006.
=600  17$aTokarczuk, Olga$d(1962- ).$tAnna In w grobowcach świata$2DBN
=655  \7$aRecenzja literacka$2DBN
=773  0\$iW:$tTwórczość : miesięcznik literacko-krytyczny.$x0041-4727.$gR. 63, nr 4 (2007), s. 115-118
=909  \\$ab0000042835677
=915  \\$aBZCz 2007/44768
=916  \\$aJentys-Borelowska, Maria   (1942- )
=955  \7$aRecenzja literacka$2DBN
=980  \\$aArtykuły
=996  \\$a.b42835677$9local$z48OMNIS_NLOP
=998  \\$ao$9local$z48OMNIS_NLOP
=999  \\$abzcz$bmw$bgj$bak$x11$y2007
  
