=LDR  01350naa a2200397 i 4500
=001  b0000004285173
=005  20221014143558.4
=008  070925s2007    pl           |000 0 pol  
=009  9910381303105606
=015  \\$aBZCz 2007/47355
=035  \\$a991013468619705066
=035  \\$a(PL-WaBN)b42851737-48omnis_nlop
=035  \\$ab42851737
=035  \\$a(OCoLC)998257029
=040  \\$aWA N$cWA N
=100  1\$aMikrut, Izabela$d(1983- )
=245  10$aFuturystyczne cmentarzysko /$cIzabela Mikrut.
=260  \\$c2007.
=336  \\$aTekst$btxt$2rdacontent
=337  \\$aBez urządzenia pośredniczącego$bn$2rdamedia
=338  \\$aWolumin$bnc$2rdacarrier
=380  \\$aArtykuły
=520  8\$aZawiera rec. książki: Anna In w grobowcach świata / Olga Tokarczuk. - Kraków, 2006.
=600  17$aTokarczuk, Olga$d(1962- ).$tAnna In w grobowcach świata$2DBN
=655  \7$aRecenzja literacka$2DBN
=773  0\$iW:$tŚląsk : miesięcznik społeczno-kulturalny.$x1425-3917.$gR. 13, nr 3 (2007), s. 72
=909  \\$ab0000042851737
=915  \\$aBZCz 2007/47355
=916  \\$aMikrut, Izabela   (1983- )
=955  \7$aRecenzja literacka$2DBN
=980  \\$aArtykuły
=996  \\$a.b42851737$9local$z48OMNIS_NLOP
=998  \\$ao$9local$z48OMNIS_NLOP
=999  \\$abzcz$bjv$btg$bak$x11$y2007
  
