=LDR  01315naa a2200397 i 4500
=001  b0000004290437
=005  20221014143511.1
=008  060113s2005    pl           |000 0 pol  
=009  9910360750305606
=015  \\$aBZCz 2006/3853
=035  \\$a991013674319705066
=035  \\$a(PL-WaBN)b42904377-48omnis_nlop
=035  \\$ab42904377
=035  \\$a(OCoLC)998305112
=040  \\$aWA N$cWA N
=100  1\$aOrski, Mieczysław$d(1943- )
=245  10$a"Śmiercionośna lawina" Olgi Tokarczuk /$cMieczysław Orski.
=260  \\$c2005.
=336  \\$aTekst$btxt$2rdacontent
=337  \\$aBez urządzenia pośredniczącego$bn$2rdamedia
=338  \\$aWolumin$bnc$2rdacarrier
=380  \\$aArtykuły
=520  8\$aZawiera rec. książki: Ostatnie historie / Olga Tokarczuk. - Kraków, 2004.
=600  17$aTokarczuk, Olga$d(1962- ).$tOstatnie historie$2DBN
=655  \7$aRecenzja literacka$2DBN
=773  0\$iW:$tPrzegląd Powszechny.$gR. 122, nr 5 (2005), s. 177-180
=909  \\$ab0000042904377
=915  \\$aBZCz 2006/3853
=916  \\$aOrski, Mieczysław   (1943- )
=955  \7$aRecenzja literacka$2DBN
=980  \\$aArtykuły
=996  \\$a.b42904377$9local$z48OMNIS_NLOP
=998  \\$ao$9local$z48OMNIS_NLOP
=999  \\$abzcz$bms$bjkr$x01$y2006
  
