=LDR  01230naa a2200385 i 4500
=001  b0000004290457
=005  20221015175006.7
=008  060116s2005    pl           |000 0 pol  
=009  9910190869405606
=015  \\$aBZCz 2006/3881
=035  \\$a991013675109705066
=035  \\$a(PL-WaBN)b42904572-48omnis_nlop
=035  \\$ab42904572
=035  \\$a(OCoLC)998305307
=040  \\$aWA N$cWA N$dWA N
=100  1\$aJanikowska, Anna
=245  10$aSzczelinami o domowej pracy /$cAnna Janikowska.
=260  \\$c2005.
=336  \\$aTekst$btxt$2rdacontent
=337  \\$aBez urządzenia pośredniczącego$bn$2rdamedia
=338  \\$aWolumin$bnc$2rdacarrier
=380  \\$aArtykuły
=600  17$aBrach-Czaina, Jolanta$d(1937-2021).$tSzczeliny istnienia$2DBN
=650  \7$aPowieść polska$xhistoria$y20 w.$2DBN
=773  0\$iW:$tKresy.$g2005, nr 1/2, s. 98-112
=909  \\$ab0000042904572
=915  \\$aBZCz 2006/3881
=916  \\$aJanikowska, Anna   
=980  \\$aArtykuły
=996  \\$a.b42904572$9local$z48OMNIS_NLOP
=998  \\$ao$9local$z48OMNIS_NLOP
=999  \\$abzcz$baw$bgj$bdm$x01$y2006
  
