=LDR  01333naa a2200397 i 4500
=001  b0000004292381
=005  20221015174826.1
=008  060127s2005    pl           |000 0 pol  
=009  9910343841605606
=015  \\$aBZCz 2006/6802
=035  \\$a991013751099705066
=035  \\$a(PL-WaBN)b42923815-48omnis_nlop
=035  \\$ab42923815
=035  \\$a(OCoLC)998323247
=040  \\$aWA N$cWA N
=100  1\$aJentys-Borelowska, Maria$d(1942- )
=245  10$aCzysty kraj /$cMaria Jentys.
=260  \\$c2005.
=336  \\$aTekst$btxt$2rdacontent
=337  \\$aBez urządzenia pośredniczącego$bn$2rdamedia
=338  \\$aWolumin$bnc$2rdacarrier
=380  \\$aArtykuły
=520  8\$aZawiera rec. książki: Ostatnie historie / Olga Tokarczuk. - Kraków, 2004.
=600  17$aTokarczuk, Olga$d(1962- ).$tOstatnie historie$2DBN
=655  \7$aRecenzja literacka$2DBN
=773  0\$iW:$tTwórczość : miesięcznik literacko-krytyczny.$x0041-4727.$gR. 61, nr 6 (2005), s. 79-81
=909  \\$ab0000042923815
=915  \\$aBZCz 2006/6802
=916  \\$aJentys-Borelowska, Maria   (1942- )
=955  \7$aRecenzja literacka$2DBN
=980  \\$aArtykuły
=996  \\$a.b42923815$9local$z48OMNIS_NLOP
=998  \\$ao$9local$z48OMNIS_NLOP
=999  \\$abzcz$bmw$bag$bbw$x02$y2006
  
