=LDR  01278naa a2200397 i 4500
=001  b0000004294087
=005  20221014143511.1
=008  050915s2005    pl           |000 0 pol  
=009  9910505781605606
=015  \\$aBZCz 2006/9330
=035  \\$a991013816839705066
=035  \\$a(PL-WaBN)b42940874-48omnis_nlop
=035  \\$ab42940874
=035  \\$a(OCoLC)998338616
=040  \\$aWA N$cWA N
=100  1\$aSzóstak, Anna$d(1965- )
=245  10$aWspółczesna sztuka umierania /$cAnna Szóstak.
=260  \\$c2005.
=336  \\$aTekst$btxt$2rdacontent
=337  \\$aBez urządzenia pośredniczącego$bn$2rdamedia
=338  \\$aWolumin$bnc$2rdacarrier
=380  \\$aArtykuły
=520  8\$aZawiera rec. książki: Ostatnie historie / Olga Tokarczuk. - Kraków, 2004.
=600  17$aTokarczuk, Olga$d(1962- ).$tOstatnie historie$2DBN
=655  \7$aRecenzja literacka$2DBN
=773  0\$iW:$tPro Libris.$g2005, nr 2, s. 122-124
=909  \\$ab0000042940874
=915  \\$aBZCz 2006/9330
=916  \\$aSzóstak, Anna   (1965- )
=955  \7$aRecenzja literacka$2DBN
=980  \\$aArtykuły
=996  \\$a.b42940874$9local$z48OMNIS_NLOP
=998  \\$ao$9local$z48OMNIS_NLOP
=999  \\$abzcz$baw$bgj$bak$x03$y2006
  
