=LDR  01371naa a2200409 i 4500
=001  b0000004296062
=005  20221015174826.1
=008  060113s2005    pl           |000 0 pol  
=009  9910259934005606
=015  \\$aBZCz 2006/12608
=035  \\$a991013894299705066
=035  \\$a(PL-WaBN)b42960629-48omnis_nlop
=035  \\$ab42960629
=035  \\$a(OCoLC)998357368
=040  \\$aWA N$cWA N
=100  1\$aFranke, Aleksandra.
=245  10$aOstatnie historie /$cAleksandra Franke.
=260  \\$c2005.
=336  \\$aTekst$btxt$2rdacontent
=337  \\$aBez urządzenia pośredniczącego$bn$2rdamedia
=338  \\$aWolumin$bnc$2rdacarrier
=380  \\$aArtykuły
=520  8\$aZawiera rec. książki: Ostatnie historie / Olga Tokarczuk. - Kraków, 2004.
=600  17$aTokarczuk, Olga$d(1962- ).$tOstatnie historie$2DBN
=655  \7$aRecenzja literacka$2DBN
=773  0\$iW:$tŚląsk : miesięcznik społeczno-kulturalny.$x1425-3917.$gR. 11, nr 8 (2005), s. 77
=909  \\$ab0000042960629
=915  \\$aBZCz 2006/12608
=916  \\$aFranke, Aleksandra.   
=955  \7$aRecenzja literacka$2DBN
=980  \\$aArtykuły
=996  \\$a.b42960629$9local$z48OMNIS_NLOP
=998  \\$ao$9local$z48OMNIS_NLOP
=999  \\$abzcz$bjv$bag$bak$x03$y2006
=999  \\$aDBN01$ckor
  
