=LDR  01337naa a2200397 i 4500
=001  b0000004303405
=005  20221014143614.2
=008  060113s2005    pl           |000 0 pol  
=009  9910087785405606
=015  \\$aBZCz 2006/24145
=035  \\$a991014178689705066
=035  \\$a(PL-WaBN)b43034056-48omnis_nlop
=035  \\$ab43034056
=035  \\$a(OCoLC)998426260
=040  \\$aWA N$cWA N
=100  1\$aWójcik, Anna Agnieszka.
=245  10$aOgniwa w łańcuchu życia /$cAnna Agnieszka Wójcik.
=260  \\$c2005.
=336  \\$aTekst$btxt$2rdacontent
=337  \\$aBez urządzenia pośredniczącego$bn$2rdamedia
=338  \\$aWolumin$bnc$2rdacarrier
=380  \\$aArtykuły
=520  8\$aZawiera rec. książki: Ostatnie historie / Olga Tokarczuk. - Kraków, 2004.
=600  17$aTokarczuk, Olga$d(1962- ).$tOstatnie historie$2DBN
=655  \7$aRecenzja literacka$2DBN
=773  0\$iW:$tFraza : pismo literacko-społeczne.$x1230-4832.$gR. 11[15], nr 1/2 (2005), s. 299-303
=909  \\$ab0000043034056
=915  \\$aBZCz 2006/24145
=916  \\$aWójcik, Anna Agnieszka.   
=955  \7$aRecenzja literacka$2DBN
=980  \\$aArtykuły
=996  \\$a.b43034056$9local$z48OMNIS_NLOP
=998  \\$ao$9local$z48OMNIS_NLOP
=999  \\$abzcz$bjv$bew$bak$x06$y2006
  
