=LDR  01284naa a2200397 i 4500
=001  b0000004307000
=005  20221015175035.5
=008  060628s2005    pl           |000 0 pol  
=009  9910471906105606
=015  \\$aBZCz 2006/30023
=035  \\$a991014318979705066
=035  \\$a(PL-WaBN)b43070000-48omnis_nlop
=035  \\$ab43070000
=035  \\$a(OCoLC)998465994
=040  \\$aWA N$cWA N
=100  1\$aCzyżak, Agnieszka
=245  10$aSmutne historie o umieraniu /$cAgnieszka Czyżak.
=260  \\$c2005.
=336  \\$aTekst$btxt$2rdacontent
=337  \\$aBez urządzenia pośredniczącego$bn$2rdamedia
=338  \\$aWolumin$bnc$2rdacarrier
=380  \\$aArtykuły
=520  8\$aZawiera rec. książki: Ostatnie historie / Olga Tokarczuk. - Kraków, 2004.
=600  17$aTokarczuk, Olga$d(1962- ).$tOstatnie historie$2DBN
=655  \7$aRecenzja literacka$2DBN
=773  0\$iW:$tPolonistyka.$g[R.] 58, nr 10 (2005), s. 46-47
=909  \\$ab0000043070000
=915  \\$aBZCz 2006/30023
=916  \\$aCzyżak, Agnieszka   
=955  \7$aRecenzja literacka$2DBN
=980  \\$aArtykuły
=996  \\$a.b43070000$9local$z48OMNIS_NLOP
=998  \\$ao$9local$z48OMNIS_NLOP
=999  \\$abzcz$bjt$bjb$bmo$x07-08$y2006
  
