=LDR  01158naa a2200373 i 4500
=001  b0000004309577
=005  20221014143542.6
=008  060727s2005    pl           |000 0 pol  
=009  9910147704405606
=015  \\$aBZCz 2006/33881
=035  \\$a991014417809705066
=035  \\$a(PL-WaBN)b4309577x-48omnis_nlop
=035  \\$ab4309577x
=035  \\$a(OCoLC)998492970
=040  \\$aWA N$cWA N
=100  1\$aTokarczuk, Olga$d(1962- )
=245  10$aPstrąg w migdałach /$cOlga Tokarczuk.
=260  \\$c2005.
=336  \\$aTekst$btxt$2rdacontent
=337  \\$aBez urządzenia pośredniczącego$bn$2rdamedia
=338  \\$aWolumin$bnc$2rdacarrier
=380  \\$aArtykuły
=600  17$aTokarczuk, Olga$d(1962- )$2DBN
=650  \7$aLiteratura polska$xhistoria$yod 1989 r.$2DBN
=773  0\$iW:$tKrytyka Polityczna.$gNr 7/8 (2005), s. 222-225
=909  \\$ab000004309577x
=915  \\$aBZCz 2006/33881
=916  \\$aTokarczuk, Olga   (1962- )
=980  \\$aArtykuły
=996  \\$a.b4309577x$9local$z48OMNIS_NLOP
=998  \\$ao$9local$z48OMNIS_NLOP
=999  \\$abzcz$bjt$bag$bbw$bdaty$x09$y2006
  
