=LDR  01306naa a2200409 i 4500
=001  b0000004315943
=005  20221015175133.2
=008  061019s2006    pl           |000 0 pol  
=009  9910314535205606
=015  \\$aBZCz 2006/44585
=035  \\$a991014665179705066
=035  \\$a(PL-WaBN)b43159436-48omnis_nlop
=035  \\$ab43159436
=035  \\$a(OCoLC)998588777
=040  \\$aWA N$cWA N
=100  1\$aFranke, Aleksandra.
=245  10$aZ głębi Szafy /$cAleksandra Franke.
=260  \\$c2006.
=336  \\$aTekst$btxt$2rdacontent
=337  \\$aBez urządzenia pośredniczącego$bn$2rdamedia
=338  \\$aWolumin$bnc$2rdacarrier
=380  \\$aArtykuły
=510  4\$aPB$c18737/2005.
=520  8\$aZawiera rec. książki: Szafa / Olga Tokarczuk. - Kraków, 2005.
=600  17$aTokarczuk, Olga$d(1962- ).$tSzafa$2DBN
=655  \7$aRecenzja literacka$2DBN
=773  0\$iW:$tŚląsk : miesięcznik społeczno-kulturalny.$gR. 12, nr 3 (2006), s. 72
=909  \\$ab0000043159436
=915  \\$aBZCz 2006/44585
=916  \\$aFranke, Aleksandra.   
=955  \7$aRecenzja literacka$2DBN
=980  \\$aArtykuły
=996  \\$a.b43159436$9local$z48OMNIS_NLOP
=998  \\$ao$9local$z48OMNIS_NLOP
=999  \\$abzcz$bmw$bew$bak$x11$y2006
  
