=LDR  01367naa a2200421 i 4500
=001  b0000004320445
=005  20221015175104.3
=008  041229s2004    pl           |000 0 pol  
=009  9910209159005606
=015  \\$aBZCz 2005/1211
=035  \\$a991014841809705066
=035  \\$a(PL-WaBN)b43204454-48omnis_nlop
=035  \\$ab43204454
=035  \\$a(OCoLC)998653785
=040  \\$aWA N$cWA N
=041  0\$apol$beng$bfre
=100  1\$aRejter, Artur$d(1970- )
=245  10$aŚwiat przyrody w prozie Olgi Tokarczuk :$bstereotyp - reinterpretacja - kreacja /$cArtur Rejter.
=260  \\$c2004.
=336  \\$aTekst$btxt$2rdacontent
=337  \\$aBez urządzenia pośredniczącego$bn$2rdamedia
=338  \\$aWolumin$bnc$2rdacarrier
=380  \\$aArtykuły
=504  \\$aBibliogr.
=546  \\$aStreszcz. ang., fr.
=600  17$aTokarczuk, Olga$d(1962- )$2DBN
=650  \7$aLiteratura polska$xtematyka$yod 1944 r.$2DBN
=773  0\$iW:$tJęzyk Artystyczny.$x0209-3731.$gT. 12 (2003), s. 115-139
=909  \\$ab0000043204454
=915  \\$aBZCz 2005/1211
=916  \\$aRejter, Artur   (1970- )
=980  \\$aArtykuły
=996  \\$a.b43204454$9local$z48OMNIS_NLOP
=998  \\$ao$9local$z48OMNIS_NLOP
=999  \\$abzcz$bjt$bew$bdm$x01$y2005$amerk
  
