=LDR  01451naa a2200433 i 4500
=001  b0000004321342
=005  20221015175118.8
=008  050114s2004    pl           |000 0 pol  
=009  9910443792205606
=015  \\$aBZCz 2005/2588
=035  \\$a991014877199705066
=035  \\$a(PL-WaBN)b4321342x-48omnis_nlop
=035  \\$ab4321342x
=035  \\$a(OCoLC)998667031
=040  \\$aWA N$cWA N
=080  \\$a821.162.1(091)(045/046)
=100  1\$aNowacki, Dariusz$d(1965- )
=245  10$aWitaj, smutku /$cDariusz Nowacki.
=260  \\$c2004.
=336  \\$aTekst$btxt$2rdacontent
=337  \\$aBez urządzenia pośredniczącego$bn$2rdamedia
=338  \\$aWolumin$bnc$2rdacarrier
=380  \\$aArtykuły
=510  4\$aPB$c20867/2004.
=520  8\$aZawiera rec. książki: Ostatnie historie / Olga Tokarczuk. - Kraków, 2004.
=600  17$aTokarczuk, Olga$d(1962- ).$tOstatnie historie$2DBN
=655  \7$aRecenzja literacka$2DBN
=773  0\$iW:$tFA-art : kwartalnik Ruchu "Wolność i Pokój".$x1231-0158.$g2004, nr 2, s. 55-58$w(PL)b0000001298027
=909  \\$ab000004321342x
=915  \\$aBZCz 2005/2588
=916  \\$aNowacki, Dariusz   (1965- )
=931  \\$a821.162.1(091)(045/046)
=955  \7$aRecenzja literacka$2DBN
=980  \\$aArtykuły
=996  \\$a.b4321342x$9local$z48OMNIS_NLOP
=998  \\$ao$9local$z48OMNIS_NLOP
=999  \\$abzcz$bws$bag$bak$x01$y2005$amerk
  
