=LDR  01570naa a2200409 i 4500
=001  b0000004325955
=005  20221014143542.6
=008  050304s2004    pl           |000 0 pol  
=009  9910515075205606
=015  \\$aBZCz 2005/8244
=035  \\$a991015056679705066
=035  \\$a(PL-WaBN)b43259558-48omnis_nlop
=035  \\$ab43259558
=035  \\$a(OCoLC)998711521
=040  \\$aWA N$cWA N
=041  0\$apol$beng
=100  1\$aWickowska-Maciąg, Liliana.
=245  10$aDom codzienny - dom podzielony, czyli rodzina zdezintegrowana w powieściach Olgi Tokarczuk /$cLiliana Wickowska-Maciąg.
=260  \\$c2004.
=336  \\$aTekst$btxt$2rdacontent
=337  \\$aBez urządzenia pośredniczącego$bn$2rdamedia
=338  \\$aWolumin$bnc$2rdacarrier
=380  \\$aArtykuły
=546  \\$aStreszcz. ang.
=600  17$aTokarczuk, Olga$d(1962- )$2DBN
=650  \7$aLiteratura polska$xhistoria$yod 1989 r.$2DBN
=773  0\$iW:$tZeszyty Naukowe Uniwersytetu Rzeszowskiego. Seria Filologiczna. Dydaktyka.$x1643-0514.$gZ. 3 (2004), s. 64-71
=909  \\$ab0000043259558
=915  \\$aBZCz 2005/8244
=916  \\$aWickowska-Maciąg, Liliana.   
=950  \\$uhttps://eu05.alma.exlibrisgroup.com/view/uresolver/48OMNIS_NETWORK/openurl?u.ignore_date_coverage=true&portfolio_pid=53654645380005066&Force_direct=true$zZobacz w Polonie$853654645380005066
=980  \\$aArtykuły
=996  \\$a.b43259558$9local$z48OMNIS_NLOP
=998  \\$ao$9local$z48OMNIS_NLOP
=999  \\$abzcz$baw$bag$bjkr$x03$y2005$amerk
  
