=LDR  01312naa a2200397 i 4500
=001  b0000004326639
=005  20221015174840.4
=008  050314s2004    pl           |000 0 pol  
=009  9910343723305606
=015  \\$aBZCz 2005/9688
=035  \\$a991015083219705066
=035  \\$a(PL-WaBN)b43266393-48omnis_nlop
=035  \\$ab43266393
=035  \\$a(OCoLC)998717883
=040  \\$aWA N$cWA N
=100  1\$aTokarczuk, Olga$d(1962- )
=245  10$aPreteksty do snucia opowieści /$cOlga Tokarczuk ; rozm. przepr. Iwona Smolka.
=260  \\$c2004.
=336  \\$aTekst$btxt$2rdacontent
=337  \\$aBez urządzenia pośredniczącego$bn$2rdamedia
=338  \\$aWolumin$bnc$2rdacarrier
=380  \\$aArtykuły
=600  17$aTokarczuk, Olga$d(1962- )$2DBN
=650  \7$aPisarze polscy$yod 1989 r.$2DBN
=700  1\$aSmolka, Iwona$d(1944- )$eRozm. przepr.
=773  0\$iW:$tNowe Książki : przegląd nowości wydawniczych.$x0137-8562.$g2004, nr 8, s. 4-7
=909  \\$ab0000043266393
=915  \\$aBZCz 2005/9688
=916  \\$aTokarczuk, Olga   (1962- )
=918  1\$aSmolka, Iwona$d(1944- )
=980  \\$aArtykuły
=996  \\$a.b43266393$9local$z48OMNIS_NLOP
=998  \\$ao$9local$z48OMNIS_NLOP
=999  \\$abzcz$bmw$bag$bbw$bdaty$x03$y2005
  
