=LDR  01329naa a2200397 i 4500
=001  b0000004326641
=005  20221014143511.1
=008  050314s2004    pl           |000 0 pol  
=009  9910403420605606
=015  \\$aBZCz 2005/9691
=035  \\$a991015083299705066
=035  \\$a(PL-WaBN)b43266411-48omnis_nlop
=035  \\$ab43266411
=035  \\$a(OCoLC)998718061
=040  \\$aWA N$cWA N
=100  1\$aMizerkiewicz, Tomasz$d(1971- )
=245  10$aOgarnięci chłodem /$cTomasz Mizerkiewicz.
=260  \\$c2004.
=336  \\$aTekst$btxt$2rdacontent
=337  \\$aBez urządzenia pośredniczącego$bn$2rdamedia
=338  \\$aWolumin$bnc$2rdacarrier
=380  \\$aArtykuły
=520  8\$aZawiera rec. książki: Ostatnie historie / Olga Tokarczuk. - Kraków, 2004.
=600  17$aTokarczuk, Olga$d(1962- ).$tOstatnie historie$2DBN
=655  \7$aRecenzja literacka$2DBN
=773  0\$iW:$tNowe Książki : przegląd nowości wydawniczych.$x0137-8562.$g2004, nr 8, s. 8
=909  \\$ab0000043266411
=915  \\$aBZCz 2005/9691
=916  \\$aMizerkiewicz, Tomasz   (1971- )
=955  \7$aRecenzja literacka$2DBN
=980  \\$aArtykuły
=996  \\$a.b43266411$9local$z48OMNIS_NLOP
=998  \\$ao$9local$z48OMNIS_NLOP
=999  \\$abzcz$bmw$bag$bbw$x03$y2005
  
