=LDR  01218naa a2200397 i 4500
=001  b0000004326898
=005  20221015175006.7
=008  050315s2004    pl           |000 0 pol  
=009  9910303595605606
=015  \\$aBZCz 2005/10100
=035  \\$a991015093159705066
=035  \\$a(PL-WaBN)b43268985-48omnis_nlop
=035  \\$ab43268985
=035  \\$a(OCoLC)998720505
=040  \\$aWA N$cWA N$dKR U
=100  0\$aT. M.$c(literatura)
=245  10$aOlga Tokarczuk /$cT.M.
=260  \\$c2004.
=336  \\$aTekst$btxt$2rdacontent
=337  \\$aBez urządzenia pośredniczącego$bn$2rdamedia
=338  \\$aWolumin$bnc$2rdacarrier
=380  \\$aArtykuły
=600  17$aTokarczuk, Olga$d(1962- )$2DBN
=650  \7$aPisarze polscy$yod 1989 r.$2DBN
=655  \7$aBiografia$2DBN
=773  0\$iW:$tNowe Książki : przegląd nowości wydawniczych.$x0137-8562.$g2004, nr 8, s. IV okł.
=909  \\$ab0000043268985
=915  \\$aBZCz 2005/10100
=916  \\$aT. M.  (literatura) 
=955  \7$aBiografia$2DBN
=980  \\$aArtykuły
=996  \\$a.b43268985$9local$z48OMNIS_NLOP
=998  \\$ao$9local$z48OMNIS_NLOP
=999  \\$abzcz$bmw$bag$bbw$x03$y2005
  
