=LDR  01294naa a2200397 i 4500
=001  b0000004336910
=005  20221014143558.4
=008  050314s2004    pl           |000 0 pol  
=009  9910526651605606
=015  \\$aBZCz 2005/25271
=035  \\$a991015481609705066
=035  \\$a(PL-WaBN)b43369108-48omnis_nlop
=035  \\$ab43369108
=035  \\$a(OCoLC)998902237
=040  \\$aWA N$cWA N
=100  1\$aMackiewicz, Paweł$d(1980- )
=245  10$aDrugie światy /$cPaweł Mackiewicz.
=260  \\$c2004.
=336  \\$aTekst$btxt$2rdacontent
=337  \\$aBez urządzenia pośredniczącego$bn$2rdamedia
=338  \\$aWolumin$bnc$2rdacarrier
=380  \\$aArtykuły
=520  8\$aZawiera rec. książki: Ostatnie historie / Olga Tokarczuk. - Kraków, 2004.
=600  17$aTokarczuk, Olga$d(1962- ).$tOstatnie historie$2DBN
=655  \7$aRecenzja literacka$2DBN
=773  0\$iW:$tTopos.$x1230-8943.$gR. 12, nr 6 (2004), s. 207-208
=909  \\$ab0000043369108
=915  \\$aBZCz 2005/25271
=916  \\$aMackiewicz, Paweł   (1980- )
=955  \7$aRecenzja literacka$2DBN
=980  \\$aArtykuły
=996  \\$a.b43369108$9local$z48OMNIS_NLOP
=998  \\$ao$9local$z48OMNIS_NLOP
=999  \\$abzcz$bjv$bag$bbw$x07-08$y2005
  
