=LDR  01300naa a2200397 i 4500
=001  b0000004338850
=005  20221014143614.2
=008  050708s2004    pl           |000 0 pol  
=009  9910085500505606
=015  \\$aBZCz 2005/28731
=035  \\$a991015557279705066
=035  \\$a(PL-WaBN)b43388504-48omnis_nlop
=035  \\$ab43388504
=035  \\$a(OCoLC)998924361
=040  \\$aWA N$cWA N
=100  1\$aMaliszewski, Karol$d(1960- )
=245  10$aWszystko, co ostatnie /$cKarol Maliszewski.
=260  \\$c2004.
=336  \\$aTekst$btxt$2rdacontent
=337  \\$aBez urządzenia pośredniczącego$bn$2rdamedia
=338  \\$aWolumin$bnc$2rdacarrier
=380  \\$aArtykuły
=520  8\$aZawiera rec. książki: Ostatnie historie / Olga Tokarczuk. - Kraków, 2004.
=600  17$aTokarczuk, Olga$d(1962- ).$tOstatnie historie$2DBN
=655  \7$aRecenzja literacka$2DBN
=773  0\$iW:$tOdra (Wrocław).$gR. 44, nr 12 (2004), s. 111-112
=909  \\$ab0000043388504
=915  \\$aBZCz 2005/28731
=916  \\$aMaliszewski, Karol   (1960- )
=955  \7$aRecenzja literacka$2DBN
=980  \\$aArtykuły
=996  \\$a.b43388504$9local$z48OMNIS_NLOP
=998  \\$ao$9local$z48OMNIS_NLOP
=999  \\$abzcz$bgj$bko$bak$x07-08$y2005
  
