=LDR  01265naa a2200397 i 4500
=001  b0000004340736
=005  20221015175118.8
=008  050728s2004    pl           |000 0 pol  
=009  9910252282505606
=015  \\$aBZCz 2005/31598
=035  \\$a991015630909705066
=035  \\$a(PL-WaBN)b43407365-48omnis_nlop
=035  \\$ab43407365
=035  \\$a(OCoLC)998946221
=040  \\$aWA N$cWA N
=100  1\$aGlensk, Urszula
=245  10$a"Składamy się z tego, co umarło" /$cUrszula Glensk.
=260  \\$c2004.
=336  \\$aTekst$btxt$2rdacontent
=337  \\$aBez urządzenia pośredniczącego$bn$2rdamedia
=338  \\$aWolumin$bnc$2rdacarrier
=380  \\$aArtykuły
=520  8\$aZawiera rec. książki: Ostatnie historie / Olga Tokarczuk. - Kraków, 2004.
=600  17$aTokarczuk, Olga$d(1962- ).$tOstatnie historie$2DBN
=655  \7$aRecenzja literacka$2DBN
=773  0\$iW:$tKresy.$g2004, nr 4, s. 179-180
=909  \\$ab0000043407365
=915  \\$aBZCz 2005/31598
=916  \\$aGlensk, Urszula   
=955  \7$aRecenzja literacka$2DBN
=980  \\$aArtykuły
=996  \\$a.b43407365$9local$z48OMNIS_NLOP
=998  \\$ao$9local$z48OMNIS_NLOP
=999  \\$abzcz$bmw$bjb$bak$x09$y2005
  
