=LDR  01304naa a2200409 i 4500
=001  b0000004340746
=005  20221015174840.4
=008  050728s2004    pl           |000 0 pol  
=009  9910236902605606
=015  \\$aBZCz 2005/31617
=035  \\$a991015631269705066
=035  \\$a(PL-WaBN)b43407468-48omnis_nlop
=035  \\$ab43407468
=035  \\$a(OCoLC)998946277
=040  \\$aWA N$cWA N
=100  1\$aSzybowicz, Eliza$d(1977- )
=245  10$aDom senny /$cEliza Szybowicz.
=260  \\$c2004.
=336  \\$aTekst$btxt$2rdacontent
=337  \\$aBez urządzenia pośredniczącego$bn$2rdamedia
=338  \\$aWolumin$bnc$2rdacarrier
=380  \\$aArtykuły
=510  4\$aPB$c2251/1991.
=520  8\$aZawiera rec. książki: Dom dzienny, dom nocny / Olga Tokarczuk. - Wałbrzych, 1998.
=600  17$aTokarczuk, Olga$d(1962- ).$tDom dzienny, dom nocny$2DBN
=655  \7$aRecenzja literacka$2DBN
=773  0\$iW:$tKresy.$g2004, nr 4, s. 228-236
=909  \\$ab0000043407468
=915  \\$aBZCz 2005/31617
=916  \\$aSzybowicz, Eliza   (1977- )
=955  \7$aRecenzja literacka$2DBN
=980  \\$aArtykuły
=996  \\$a.b43407468$9local$z48OMNIS_NLOP
=998  \\$ao$9local$z48OMNIS_NLOP
=999  \\$abzcz$bmw$bjb$bak$x09$y2005
  
