=LDR  01363naa a2200397 i 4500
=001  b0000004340932
=005  20221015175104.3
=008  050729s2005    pl           |000 0 pol  
=009  9910291523505606
=015  \\$aBZCz 2005/31859
=035  \\$a991015638299705066
=035  \\$a(PL-WaBN)b43409325-48omnis_nlop
=035  \\$ab43409325
=035  \\$a(OCoLC)998948388
=040  \\$aWA N$cWA N
=100  1\$aNowak, Małgorzata
=245  10$aLektury obowiązkowe dyrektora szkoły /$cMałgorzata Nowak.
=260  \\$c2005.
=336  \\$aTekst$btxt$2rdacontent
=337  \\$aBez urządzenia pośredniczącego$bn$2rdamedia
=338  \\$aWolumin$bnc$2rdacarrier
=380  \\$aArtykuły
=600  17$aChętkowski, Dariusz$d(1970- ).$tL.d.d.w. - osierocona generacja$2DBN
=600  17$aDróżka, Wanda$d(1953- ).$tMłode pokolenie nauczycieli$2DBN
=600  17$aTerakowska, Dorota$d(1938-2004).$tDobry adres to dobry człowiek$2DBN
=773  0\$iW:$tDyrektor Szkoły.$g2005, nr 1, s. 59-62
=909  \\$ab0000043409325
=915  \\$aBZCz 2005/31859
=916  \\$aNowak, Małgorzata   
=980  \\$aArtykuły
=996  \\$a.b43409325$9local$z48OMNIS_NLOP
=998  \\$ao$9local$z48OMNIS_NLOP
=999  \\$abzcz$bhm$btg$bdm$x09$y2005
  
