=LDR  01269naa a2200397 i 4500
=001  b0000004341787
=005  20221015175035.5
=008  050808s2004    pl           |000 0 pol  
=009  9910318436005606
=015  \\$aBZCz 2005/33133
=035  \\$a991015706779705066
=035  \\$a(PL-WaBN)b43417875-48omnis_nlop
=035  \\$ab43417875
=035  \\$a(OCoLC)998957756
=040  \\$aWA N$cWA N
=100  1\$aGosk, Hanna$d(1952- )
=245  10$aOpowieść terapeutyczna /$cHanna Gosk.
=260  \\$c2004.
=336  \\$aTekst$btxt$2rdacontent
=337  \\$aBez urządzenia pośredniczącego$bn$2rdamedia
=338  \\$aWolumin$bnc$2rdacarrier
=380  \\$aArtykuły
=520  8\$aZawiera rec. książki: Ostatnie historie / Olga Tokarczuk. - Kraków, 2004.
=600  17$aTokarczuk, Olga$d(1962- ).$tOstatnie historie$2DBN
=655  \7$aRecenzja literacka$2DBN
=773  0\$iW:$tStudium.$g2004/2005, nr 6/1, s. 226-229
=909  \\$ab0000043417875
=915  \\$aBZCz 2005/33133
=916  \\$aGosk, Hanna   (1952- )
=955  \7$aRecenzja literacka$2DBN
=980  \\$aArtykuły
=996  \\$a.b43417875$9local$z48OMNIS_NLOP
=998  \\$ao$9local$z48OMNIS_NLOP
=999  \\$abzcz$bmw$bjb$bak$x09$y2005
  
