=LDR  01295naa a2200397 i 4500
=001  b0000004344631
=005  20221015174923.6
=008  050912s2005    pl           |000 0 pol  
=009  9910462469805606
=015  \\$aBZCz 2005/38020
=035  \\$a991015826019705066
=035  \\$a(PL-WaBN)b43446310-48omnis_nlop
=035  \\$ab43446310
=035  \\$a(OCoLC)998990054
=040  \\$aWA N$cWA N
=100  1\$aTomczok, Marta$d(1980- )
=245  10$aPani śmierć pisze sagę /$cMarta Cuber.
=260  \\$c2005.
=336  \\$aTekst$btxt$2rdacontent
=337  \\$aBez urządzenia pośredniczącego$bn$2rdamedia
=338  \\$aWolumin$bnc$2rdacarrier
=380  \\$aArtykuły
=520  8\$aZawiera rec. książki: Ostatnie historie / Olga Tokarczuk. - Kraków, 2004.
=600  17$aTokarczuk, Olga$d(1962- ).$tOstatnie historie$2DBN
=655  \7$aRecenzja literacka$2DBN
=773  0\$iW:$tRes Publica Nowa.$x1230-2155.$gR. 18, nr 1 (2005), s. 131
=909  \\$ab0000043446310
=915  \\$aBZCz 2005/38020
=916  \\$aTomczok, Marta   (1980- )
=955  \7$aRecenzja literacka$2DBN
=980  \\$aArtykuły
=996  \\$a.b43446310$9local$z48OMNIS_NLOP
=998  \\$ao$9local$z48OMNIS_NLOP
=999  \\$abzcz$bgj$bag$bak$x10$y2005
  
