=LDR  01292naa a2200397 i 4500
=001  b0000004344995
=005  20221014143558.4
=008  050915s2005    pl           |000 0 pol  
=009  9910361287305606
=015  \\$aBZCz 2005/38455
=035  \\$a991015839999705066
=035  \\$a(PL-WaBN)b43449955-48omnis_nlop
=035  \\$ab43449955
=035  \\$a(OCoLC)998994800
=040  \\$aWA N$cWA N
=100  1\$aUniłowski, Krzysztof$d(1967-2019)
=245  10$aŚmiertelność kobiet /$cKrzysztof Uniłowski.
=260  \\$c2005.
=336  \\$aTekst$btxt$2rdacontent
=337  \\$aBez urządzenia pośredniczącego$bn$2rdamedia
=338  \\$aWolumin$bnc$2rdacarrier
=380  \\$aArtykuły
=520  8\$aZawiera rec. książki: Ostatnie historie / Olga Tokarczuk. - Kraków, 2004.
=600  17$aTokarczuk, Olga$d(1962- ).$tOstatnie historie$2DBN
=655  \7$aRecenzja literacka$2DBN
=773  0\$iW:$tOpcje.$g2005, nr 1, s. 48-49
=909  \\$ab0000043449955
=915  \\$aBZCz 2005/38455
=916  \\$aUniłowski, Krzysztof   (1967-2019)
=955  \7$aRecenzja literacka$2DBN
=980  \\$aArtykuły
=996  \\$a.b43449955$9local$z48OMNIS_NLOP
=998  \\$ao$9local$z48OMNIS_NLOP
=999  \\$abzcz$baw$bko$bdm$x10$y2005
  
