=LDR  01172naa a2200373 i 4500
=001  b0000004358233
=005  20221014143558.4
=008  080303s2007    pl           |000 0 pol  
=009  9910125332305606
=015  \\$aBZCz 2008/11657
=035  \\$a991016342109705066
=035  \\$a(PL-WaBN)b43582333-48omnis_nlop
=035  \\$ab43582333
=035  \\$a(OCoLC)999139907
=040  \\$aWA N$cWA N
=100  1\$aJentys-Borelowska, Maria$d(1942- )
=245  10$aArgonautka :$btrzy pierwsze podróże /$cMaria Jentys.
=260  \\$c2007.
=336  \\$aTekst$btxt$2rdacontent
=337  \\$aBez urządzenia pośredniczącego$bn$2rdamedia
=338  \\$aWolumin$bnc$2rdacarrier
=380  \\$aArtykuły
=600  17$aTokarczuk, Olga$d(1962- )$2DBN
=650  \7$aPowieść polska$xhistoria$yod 1989 r.$2DBN
=773  0\$iW:$tWyspa.$g2007, nr 2, s. 72-83
=909  \\$ab0000043582333
=915  \\$aBZCz 2008/11657
=916  \\$aJentys-Borelowska, Maria   (1942- )
=980  \\$aArtykuły
=996  \\$a.b43582333$9local$z48OMNIS_NLOP
=998  \\$ao$9local$z48OMNIS_NLOP
=999  \\$abzcz$brw$bag$bdm$bdaty$x03$y2008
  
