=LDR  01405naa a2200421 i 4500
=001  b0000004361388
=005  20221015175006.7
=008  080331s2007    pl           |000 0 pol  
=009  9910344023505606
=015  \\$aBZCz 2008/16489
=035  \\$a991016462129705066
=035  \\$a(PL-WaBN)b43613883-48omnis_nlop
=035  \\$ab43613883
=035  \\$a(OCoLC)999174619
=040  \\$aWA N$cWA N
=100  1\$aKoniecko, Jolanta
=245  10$aCzas aniołów Olgi Tokarczuk i Gabriela Garcii Marqueza /$cJolanta Koniecko.
=260  \\$c2007.
=336  \\$aTekst$btxt$2rdacontent
=337  \\$aBez urządzenia pośredniczącego$bn$2rdamedia
=338  \\$aWolumin$bnc$2rdacarrier
=380  \\$aArtykuły
=600  17$aGarcía Márquez, Gabriel$d(1928-2014)$2DBN
=650  \7$aAnioły$xw literaturze hiszpańskiej$2DBN
=650  \7$aAnioły$xw literaturze polskiej$2DBN
=650  \7$aProza hiszpańska$xhistoria$yod 1989 r.$2DBN
=773  0\$iW:$tTopos.$x1230-8943.$gR. 15, nr 3 (2007), s. 53-63
=909  \\$ab0000043613883
=915  \\$aBZCz 2008/16489
=916  \\$aKoniecko, Jolanta   
=980  \\$aArtykuły
=996  \\$a.b43613883$9local$z48OMNIS_NLOP
=998  \\$ao$9local$z48OMNIS_NLOP
=999  \\$abzcz$bjt$bew$bmb$x04$y2008
  
