=LDR  01310naa a2200409 i 4500
=001  b0000004369450
=005  20221014143542.6
=008  080107s2007    pl           |000 0 pol  
=009  9910034878005606
=015  \\$aBZCz 2008/29830
=035  \\$a991016754029705066
=035  \\$a(PL-WaBN)b43694500-48omnis_nlop
=035  \\$ab43694500
=035  \\$a(OCoLC)999265782
=040  \\$aWA N$cWA N
=100  1\$aPoprawa, Izabela
=245  10$aOlga travel /$cIzabela Poprawa.
=260  \\$c2007.
=336  \\$aTekst$btxt$2rdacontent
=337  \\$aBez urządzenia pośredniczącego$bn$2rdamedia
=338  \\$aWolumin$bnc$2rdacarrier
=380  \\$aArtykuły
=510  4\$aPB$c25165/2007.
=520  8\$aZawiera rec. książki: Bieguni / Olga Tokarczuk. - Kraków, 2007.
=600  17$aTokarczuk, Olga$d(1962- ).$tBieguni$2DBN
=655  \7$aRecenzja literacka$2DBN
=773  0\$iW:$tOdra (Wrocław).$x0472-5182.$gR. 47, nr 12 (2007), s. 124-126$w(PL)b0000001479660
=909  \\$ab0000043694500
=915  \\$aBZCz 2008/29830
=916  \\$aPoprawa, Izabela   
=955  \7$aRecenzja literacka$2DBN
=980  \\$aArtykuły
=996  \\$a.b43694500$9local$z48OMNIS_NLOP
=998  \\$ao$9local$z48OMNIS_NLOP
=999  \\$abzcz$bjv$brw$bdm$x07-08$y2008
  
