=LDR  01376naa a2200409 i 4500
=001  b0000004370205
=005  20221015174826.1
=008  080714s2007    pl           |000 0 pol  
=009  9910227297705606
=015  \\$aBZCz 2008/31145
=035  \\$a991016782179705066
=035  \\$a(PL-WaBN)b43702053-48omnis_nlop
=035  \\$ab43702053
=035  \\$a(OCoLC)999273306
=040  \\$aWA N$cWA N
=100  1\$aMizerkiewicz, Tomasz$d(1971- )
=245  10$aTerrorysta, on patrzy /$cTomasz Mizerkiewicz.
=260  \\$c2007.
=336  \\$aTekst$btxt$2rdacontent
=337  \\$aBez urządzenia pośredniczącego$bn$2rdamedia
=338  \\$aWolumin$bnc$2rdacarrier
=380  \\$aArtykuły
=510  4\$aPB$c25165/2007.
=520  8\$aZawiera rec. książki: Bieguni / Olga Tokarczuk. - Kraków, 2007.
=600  17$aTokarczuk, Olga$d(1962- ).$tBieguni$2DBN
=655  \7$aRecenzja literacka$2DBN
=773  0\$iW:$tFA-art : kwartalnik Ruchu "Wolność i Pokój".$x1231-0158.$g2007, nr 4, s. 66-68$w(PL)b0000001298027
=909  \\$ab0000043702053
=915  \\$aBZCz 2008/31145
=916  \\$aMizerkiewicz, Tomasz   (1971- )
=955  \7$aRecenzja literacka$2DBN
=980  \\$aArtykuły
=996  \\$a.b43702053$9local$z48OMNIS_NLOP
=998  \\$ao$9local$z48OMNIS_NLOP
=999  \\$abzcz$bws$brw$bmb$x07-08$y2008$amerk
  
