=LDR  01303naa a2200397 i 4500
=001  b0000004372225
=005  20221015175050.0
=008  080107s2008    pl           |000 0 pol  
=009  9910475992205606
=015  \\$aBZCz 2008/34721
=035  \\$a991016860299705066
=035  \\$a(PL-WaBN)b43722258-48omnis_nlop
=035  \\$ab43722258
=035  \\$a(OCoLC)999291721
=040  \\$aWA N$cWA N
=100  1\$aMikrut, Izabela$d(1983- )
=245  10$aW poszukiwaniu właściwego czasu /$cIzabela Mikrut.
=260  \\$c2008.
=336  \\$aTekst$btxt$2rdacontent
=337  \\$aBez urządzenia pośredniczącego$bn$2rdamedia
=338  \\$aWolumin$bnc$2rdacarrier
=380  \\$aArtykuły
=520  8\$aZawiera rec. książki: Bieguni / Olga Tokarczuk. - Kraków, 2007.
=600  17$aTokarczuk, Olga$d(1962- ).$tBieguni$2DBN
=655  \7$aRecenzja literacka$2DBN
=773  0\$iW:$tŚląsk : miesięcznik społeczno-kulturalny.$gR. 14, nr 1 (2008), s. 76
=909  \\$ab0000043722258
=915  \\$aBZCz 2008/34721
=916  \\$aMikrut, Izabela   (1983- )
=955  \7$aRecenzja literacka$2DBN
=980  \\$aArtykuły
=996  \\$a.b43722258$9local$z48OMNIS_NLOP
=998  \\$ao$9local$z48OMNIS_NLOP
=999  \\$abzcz$bjv$bew$bdm$x09$y2008
  
