=LDR  01302naa a2200397 i 4500
=001  b0000004372563
=005  20221015174855.0
=008  080107s2008    pl           |000 0 pol  
=009  9910482159005606
=015  \\$aBZCz 2008/35310
=035  \\$a991016873139705066
=035  \\$a(PL-WaBN)b43725636-48omnis_nlop
=035  \\$ab43725636
=035  \\$a(OCoLC)999294592
=040  \\$aWA N$cWA N
=100  1\$aUrbaniak, Paweł
=245  10$aBłogosławiony, który idzie /$cPaweł Urbaniak.
=260  \\$c2008.
=336  \\$aTekst$btxt$2rdacontent
=337  \\$aBez urządzenia pośredniczącego$bn$2rdamedia
=338  \\$aWolumin$bnc$2rdacarrier
=380  \\$aArtykuły
=520  8\$aZawiera rec. książki: Bieguni / Olga Tokarczuk. - Kraków, 2007.
=600  17$aTokarczuk, Olga$d(1962- ).$tBieguni$2DBN
=655  \7$aRecenzja literacka$2DBN
=773  0\$iW:$tTwórczość : miesięcznik literacko-krytyczny.$x0041-4727.$gR. 64, nr 1 (2008), s. 97-99
=909  \\$ab0000043725636
=915  \\$aBZCz 2008/35310
=916  \\$aUrbaniak, Paweł   
=955  \7$aRecenzja literacka$2DBN
=980  \\$aArtykuły
=996  \\$a.b43725636$9local$z48OMNIS_NLOP
=998  \\$ao$9local$z48OMNIS_NLOP
=999  \\$abzcz$bjv$baw$bmb$x09$y2008
  
