=LDR  01346naa a2200397 i 4500
=001  b0000004372611
=005  20221015174952.3
=008  080820s2008    pl           |000 0 pol  
=009  9910474805905606
=015  \\$aBZCz 2008/35368
=035  \\$a991016874969705066
=035  \\$a(PL-WaBN)b43726112-48omnis_nlop
=035  \\$ab43726112
=035  \\$a(OCoLC)999294219
=040  \\$aWA N$cWA N
=100  1\$aĆirlić-Straszyńska, Danuta$d(1930- )
=245  10$aKolejny "boarding" /$cDanuta Cirlić-Straszyńska.
=260  \\$c2008.
=336  \\$aTekst$btxt$2rdacontent
=337  \\$aBez urządzenia pośredniczącego$bn$2rdamedia
=338  \\$aWolumin$bnc$2rdacarrier
=380  \\$aArtykuły
=520  8\$aZawiera rec. książki: Bieguni / Olga Tokarczuk. - Kraków, 2007.
=600  17$aTokarczuk, Olga$d(1962- ).$tBieguni$2DBN
=655  \7$aRecenzja literacka$2DBN
=773  0\$iW:$tNowe Książki : przegląd nowości wydawniczych.$x0137-8562.$g2008, nr 1, s. 52-53
=909  \\$ab0000043726112
=915  \\$aBZCz 2008/35368
=916  \\$aĆirlić-Straszyńska, Danuta   (1930- )
=955  \7$aRecenzja literacka$2DBN
=980  \\$aArtykuły
=996  \\$a.b43726112$9local$z48OMNIS_NLOP
=998  \\$ao$9local$z48OMNIS_NLOP
=999  \\$abzcz$bmw$bwb$bbw$bdaty$x09$y2008
  
