=LDR  01314naa a2200397 i 4500
=001  b0000004378124
=005  20221014143459.1
=008  080820s2008    pl           |000 0 pol  
=009  9910117622705606
=015  \\$aBZCz 2008/44819
=035  \\$a991017089349705066
=035  \\$a(PL-WaBN)b4378124x-48omnis_nlop
=035  \\$ab4378124x
=035  \\$a(OCoLC)995643908
=040  \\$aWA N$cWA N
=100  1\$aDobiegała, Anna$d(1984- )
=245  10$aBłogosławiony, który idzie /$cAnna Dobiegała.
=260  \\$c2008.
=336  \\$aTekst$btxt$2rdacontent
=337  \\$aBez urządzenia pośredniczącego$bn$2rdamedia
=338  \\$aWolumin$bnc$2rdacarrier
=380  \\$aArtykuły
=520  8\$aZawiera rec. książki: Bieguni / Olga Tokarczuk. - Kraków, 2007.
=600  17$aTokarczuk, Olga$d(1962- ).$tBieguni$2DBN
=655  \7$aRecenzja literacka$2DBN
=773  0\$iW:$tFraza : pismo literacko-społeczne.$x1230-4832.$gR. 16[17], nr 3 (2007), s. 313-315
=909  \\$ab000004378124x
=915  \\$aBZCz 2008/44819
=916  \\$aDobiegała, Anna   (1984- )
=955  \7$aRecenzja literacka$2DBN
=980  \\$aArtykuły
=996  \\$a.b4378124x$9local$z48OMNIS_NLOP
=998  \\$ao$9local$z48OMNIS_NLOP
=999  \\$abzcz$bjv$brw$bjkr$x12$y2008
  
