=LDR  01292naa a2200397 i 4500
=001  b0000004379858
=005  20221015175118.8
=008  080820s2008    pl           |000 0 pol  
=009  9910296117405606
=015  \\$aBZCz 2008/47249
=035  \\$a991017157379705066
=035  \\$a(PL-WaBN)b43798585-48omnis_nlop
=035  \\$ab43798585
=035  \\$a(OCoLC)995648931
=040  \\$aWA N$cWA N
=100  1\$aPekaniec, Anna
=245  10$aOpowiadać - podróżować - żyć /$cAnna Pekaniec.
=260  \\$c2008.
=336  \\$aTekst$btxt$2rdacontent
=337  \\$aBez urządzenia pośredniczącego$bn$2rdamedia
=338  \\$aWolumin$bnc$2rdacarrier
=380  \\$aArtykuły
=520  8\$aZawiera rec. książki: Bieguni / Olga Tokarczuk. - Kraków, 2007.
=600  17$aTokarczuk, Olga$d(1962- ).$tBieguni$2DBN
=655  \7$aRecenzja literacka$2DBN
=773  0\$iW:$tDekada Literacka : tygodnik kulturalny.$x0867-4094.$gR. 18, nr 1 (2008), s. 63-65
=909  \\$ab0000043798585
=915  \\$aBZCz 2008/47249
=916  \\$aPekaniec, Anna   
=955  \7$aRecenzja literacka$2DBN
=980  \\$aArtykuły
=996  \\$a.b43798585$9local$z48OMNIS_NLOP
=998  \\$ao$9local$z48OMNIS_NLOP
=999  \\$abzcz$bjv$bbw$bbw$x12$y2008
  
