=LDR  01519naa a2200421 i 4500
=001  b0000004381541
=005  20211030063824.9
=008  081126s2007    pl           |100 0 pol  
=009  9910501189305606
=015  \\$aBZCz 2009/623
=035  \\$a991017222849705066
=035  \\$a(PL-WaBN)b43815418-48omnis_nlop
=035  \\$ab43815418
=035  \\$a(OCoLC)995652226
=040  \\$aWA N$cWA N
=041  0\$apol$beng
=100  1\$aCymanow-Sosin, Klaudia
=245  10$a"Podróż ludzi księgi" Olgi Tokarczuk jako artystyczne motto debiutantki /$cKlaudia Cymanow-Sosin.
=260  \\$c2007.
=336  \\$aTekst$btxt$2rdacontent
=337  \\$aBez urządzenia pośredniczącego$bn$2rdamedia
=338  \\$aWolumin$bnc$2rdacarrier
=380  \\$aArtykuły
=520  8\$aMateriały z VI Konferencji Naukowej Instytutu Filologii Polskiej "Podróż w literaturze polskiej", Maniowy.
=546  \\$aStreszcz. ang.
=600  17$aTokarczuk, Olga$d(1962- ).$tPodróż Ludzi Księgi$2DBN
=650  \7$aPowieść polska$xhistoria$yod 1989 r.$2DBN
=773  0\$iW:$tAnnales Academiae Paedagogicae Cracoviensis. Studia Historicolitteraria.$x1644-1885.$g[Nr] 7 (2007), s. 172-185
=902  \\$a180925$c081126$dm$eb$f-$g0
=909  \\$ab0000043815418
=915  \\$aBZCz 2009/623
=916  \\$aCymanow-Sosin, Klaudia   
=980  \\$aArtykuły
=996  \\$a.b43815418$9local$z48OMNIS_NLOP
=998  \\$ao$9local$z48OMNIS_NLOP
=999  \\$abzcz$bhm$bag$cmb$x01$y2009
  
