=LDR  01274naa a2200397 i 4500
=001  b0000004382788
=005  20221014143511.1
=008  090112s2008    pl           |000 0 pol  
=009  9910076510605606
=015  \\$aBZCz 2009/2515
=035  \\$a991017271439705066
=035  \\$a(PL-WaBN)b43827883-48omnis_nlop
=035  \\$ab43827883
=035  \\$a(OCoLC)995654708
=040  \\$aWA N$cWA N
=100  1\$aOrski, Mieczysław$d(1943- )
=245  10$aHistorie ciała /$cMieczysław Orski.
=260  \\$c2008.
=336  \\$aTekst$btxt$2rdacontent
=337  \\$aBez urządzenia pośredniczącego$bn$2rdamedia
=338  \\$aWolumin$bnc$2rdacarrier
=380  \\$aArtykuły
=520  8\$aZawiera rec. książki: Bieguni / Olga Tokarczuk. - Kraków, 2007.
=600  17$aTokarczuk, Olga$d(1962- ).$tBieguni$2DBN
=655  \7$aRecenzja literacka$2DBN
=773  0\$iW:$tPrzegląd Powszechny.$gR. 125, nr 5 (2008), s. 143-145
=909  \\$ab0000043827883
=915  \\$aBZCz 2009/2515
=916  \\$aOrski, Mieczysław   (1943- )
=955  \7$aRecenzja literacka$2DBN
=980  \\$aArtykuły
=996  \\$a.b43827883$9local$z48OMNIS_NLOP
=998  \\$ao$9local$z48OMNIS_NLOP
=999  \\$abzcz$bws$brw$cdm$x01$y2009
  
