=LDR  01157naa a2200373 i 4500
=001  b0000004383487
=005  20221015175050.0
=008  090120s2008    pl           |000 0 pol  
=009  9910267820905606
=015  \\$aBZCz 2009/3378
=035  \\$a991017299029705066
=035  \\$a(PL-WaBN)b43834875-48omnis_nlop
=035  \\$ab43834875
=035  \\$a(OCoLC)995656172
=040  \\$aWA N$cWA N
=100  1\$aDunin, Kinga$d(1954- )
=245  10$aPisarka /$cKinga Dunin.
=260  \\$c2008.
=336  \\$aTekst$btxt$2rdacontent
=337  \\$aBez urządzenia pośredniczącego$bn$2rdamedia
=338  \\$aWolumin$bnc$2rdacarrier
=380  \\$aArtykuły
=600  17$aTokarczuk, Olga$d(1962- )$2DBN
=650  \7$aPowieść polska$xhistoria$yod 1989 r.$2DBN
=773  0\$iW:$tOdra (Wrocław).$x0472-5182.$gR. 48, nr 5 (2008), s. 3-4$w(PL)b0000001479660
=909  \\$ab0000043834875
=915  \\$aBZCz 2009/3378
=916  \\$aDunin, Kinga   (1954- )
=980  \\$aArtykuły
=996  \\$a.b43834875$9local$z48OMNIS_NLOP
=998  \\$ao$9local$z48OMNIS_NLOP
=999  \\$abzcz$bjv$bbw$cbw$x01$y2009
  
