=LDR  01262naa a2200397 i 4500
=001  b0000004383646
=005  20221015175104.3
=008  080820s2007    pl           |000 0 pol  
=009  9910452634505606
=015  \\$aBZCz 2009/3588
=035  \\$a991017305169705066
=035  \\$a(PL-WaBN)b4383646x-48omnis_nlop
=035  \\$ab4383646x
=035  \\$a(OCoLC)995656534
=040  \\$aWA N$cWA N
=100  1\$aDarska, Bernadetta$d(1978- )
=245  10$aTo, co umożliwia przetrwanie /$cBernadetta Darska.
=260  \\$c2007.
=336  \\$aTekst$btxt$2rdacontent
=337  \\$aBez urządzenia pośredniczącego$bn$2rdamedia
=338  \\$aWolumin$bnc$2rdacarrier
=380  \\$aArtykuły
=520  8\$aZawiera rec. książki: Bieguni / Olga Tokarczuk. - Kraków, 2007.
=600  17$aTokarczuk, Olga$d(1962- ).$tBieguni$2DBN
=655  \7$aRecenzja literacka$2DBN
=773  0\$iW:$tOpcje.$g2007, nr 4, s. 86-87
=909  \\$ab000004383646x
=915  \\$aBZCz 2009/3588
=916  \\$aDarska, Bernadetta   (1978- )
=955  \7$aRecenzja literacka$2DBN
=980  \\$aArtykuły
=996  \\$a.b4383646x$9local$z48OMNIS_NLOP
=998  \\$ao$9local$z48OMNIS_NLOP
=999  \\$abzcz$bjv$bag$cdm$x01$y2009
  
