=LDR  01296naa a2200397 i 4500
=001  b0000004385744
=005  20221014143443.3
=008  070925s2007    pl           |000 0 pol  
=009  9910497961405606
=015  \\$aBZCz 2009/7016
=035  \\$a991017386789705066
=035  \\$a(PL-WaBN)b43857449-48omnis_nlop
=035  \\$ab43857449
=035  \\$a(OCoLC)995660536
=040  \\$aWA N$cWA N
=100  1\$aPawlak, Natalia
=245  10$a[Anna In w grobowcach świata - recenzja] /$cNatalia Pawlak.
=260  \\$c2007.
=336  \\$aTekst$btxt$2rdacontent
=337  \\$aBez urządzenia pośredniczącego$bn$2rdamedia
=338  \\$aWolumin$bnc$2rdacarrier
=380  \\$aArtykuły
=520  8\$aZawiera rec. książki: Anna In w grobowcach świata / Olga Tokarczuk. - Kraków, 2006.
=600  17$aTokarczuk, Olga$d(1962- ).$tAnna In w grobowcach świata$2DBN
=655  \7$aRecenzja literacka$2DBN
=773  0\$iW:$tPro Libris.$g2007, nr 2, s. 156-157
=909  \\$ab0000043857449
=915  \\$aBZCz 2009/7016
=916  \\$aPawlak, Natalia   
=955  \7$aRecenzja literacka$2DBN
=980  \\$aArtykuły
=996  \\$a.b43857449$9local$z48OMNIS_NLOP
=998  \\$ao$9local$z48OMNIS_NLOP
=999  \\$abzcz$bjv$bag$cdm$x02$y2009
  
