=LDR  01258naa a2200397 i 4500
=001  b0000004388719
=005  20221015175035.5
=008  080820s2007    pl           |000 0 pol  
=009  9910435211905606
=015  \\$aBZCz 2009/11565
=035  \\$a991017504789705066
=035  \\$a(PL-WaBN)b43887193-48omnis_nlop
=035  \\$ab43887193
=035  \\$a(OCoLC)995666190
=040  \\$aWA N$cWA N
=100  1\$aPietrzak, Marcin$d(1975- )
=245  10$aPochwała ruchu /$cMarcin Pietrzak.
=260  \\$c2007.
=336  \\$aTekst$btxt$2rdacontent
=337  \\$aBez urządzenia pośredniczącego$bn$2rdamedia
=338  \\$aWolumin$bnc$2rdacarrier
=380  \\$aArtykuły
=520  8\$aZawiera rec. książki: Bieguni / Olga Tokarczuk. - Kraków, 2007.
=600  17$aTokarczuk, Olga$d(1962- ).$tBieguni$2DBN
=655  \7$aRecenzja literacka$2DBN
=773  0\$iW:$tStudium.$g2007/2008, nr 5/6/1, s. 233-239
=909  \\$ab0000043887193
=915  \\$aBZCz 2009/11565
=916  \\$aPietrzak, Marcin   (1975- )
=955  \7$aRecenzja literacka$2DBN
=980  \\$aArtykuły
=996  \\$a.b43887193$9local$z48OMNIS_NLOP
=998  \\$ao$9local$z48OMNIS_NLOP
=999  \\$abzcz$bjv$baw$cjkr$x03$y2009
  
