=LDR  01282naa a2200397 i 4500
=001  b0000004390548
=005  20221014143511.1
=008  090327s2008    pl           |000 0 pol  
=009  9910094635505606
=015  \\$aBZCz 2009/14719
=035  \\$a991017576309705066
=035  \\$a(PL-WaBN)b43905481-48omnis_nlop
=035  \\$ab43905481
=035  \\$a(OCoLC)995669164
=040  \\$aWA N$cWA N
=100  1\$aGórska, Weronika
=245  10$aMiędzy biegunami, między okładkami /$cWeronika Górska.
=260  \\$c2008.
=336  \\$aTekst$btxt$2rdacontent
=337  \\$aBez urządzenia pośredniczącego$bn$2rdamedia
=338  \\$aWolumin$bnc$2rdacarrier
=380  \\$aArtykuły
=520  8\$aZawiera rec. książki: Bieguni / Olga Tokarczuk. - Kraków, 2007.
=600  17$aTokarczuk, Olga$d(1962- ).$tBieguni$2DBN
=655  \7$aRecenzja literacka$2DBN
=773  0\$iW:$tMigotania, Przejaśnienia.$x1730-6531.$g2008, nr 1/2, s. 45
=909  \\$ab0000043905481
=915  \\$aBZCz 2009/14719
=916  \\$aGórska, Weronika   
=955  \7$aRecenzja literacka$2DBN
=980  \\$aArtykuły
=996  \\$a.b43905481$9local$z48OMNIS_NLOP
=998  \\$ao$9local$z48OMNIS_NLOP
=999  \\$abzcz$bws$bbw$cbw$x04$y2009
  
