=LDR  01280naa a2200397 i 4500
=001  b0000004402870
=005  20221015174938.0
=008  090921s2008    pl           |000 0 pol  
=009  9910157062605606
=015  \\$aBZCz 2009/34065
=035  \\$a991018057519705066
=035  \\$a(PL-WaBN)b44028702-48omnis_nlop
=035  \\$ab44028702
=035  \\$a(OCoLC)995695082
=040  \\$aWA N$cWA N$dLUBL M
=100  1\$aBagłajewski, Arkadiusz$d(1962- )
=245  10$a[Bieguni - recenzja] /$cArkadiusz Bagłajewski.
=260  \\$c2008.
=336  \\$aTekst$btxt$2rdacontent
=337  \\$aBez urządzenia pośredniczącego$bn$2rdamedia
=338  \\$aWolumin$bnc$2rdacarrier
=380  \\$aArtykuły
=520  8\$aZawiera rec. książki: Bieguni / Olga Tokarczuk. - Kraków, 2007.
=600  17$aTokarczuk, Olga$d(1962- ).$tBieguni$2DBN
=655  \7$aRecenzja literacka$2DBN
=773  0\$iW:$tKresy.$g2008, nr 3, s. 159-162
=909  \\$ab0000044028702
=915  \\$aBZCz 2009/34065
=916  \\$aBagłajewski, Arkadiusz   (1962- )
=955  \7$aRecenzja literacka$2DBN
=980  \\$aArtykuły
=996  \\$a.b44028702$9local$z48OMNIS_NLOP
=998  \\$ao$9local$z48OMNIS_NLOP
=999  \\$abzcz$bjv$baw$cwm$x09$y2009
  
