=LDR  01525naa a2200409 i 4500
=001  b0000004407620
=005  20221014143443.3
=008  091124s2008    pl           |000 0 pol  
=009  9910117379805606
=015  \\$aBZCz 2009/40868
=035  \\$a991018242809705066
=035  \\$a(PL-WaBN)b44076204-48omnis_nlop
=035  \\$ab44076204
=035  \\$a(OCoLC)995704363
=040  \\$aWA N$cWA N
=041  0\$apol$beng
=100  1\$aŚwierkosz, Monika$d(1981- )
=245  10$aDoświadczenie historii a pamięć ciała w prozie Olgi Tokarczuk /$cMonika Świerkosz.
=260  \\$c2008.
=336  \\$aTekst$btxt$2rdacontent
=337  \\$aBez urządzenia pośredniczącego$bn$2rdamedia
=338  \\$aWolumin$bnc$2rdacarrier
=380  \\$aArtykuły
=546  \\$aStreszcz. ang.
=600  17$aTokarczuk, Olga$d(1962- )$2DBN
=650  \7$aProza polska$xhistoria$yod 1989 r.$2DBN
=773  0\$iW:$tFA-art : kwartalnik Ruchu "Wolność i Pokój".$x1231-0158.$g2008, nr 4, s. 32-39$w(PL)b0000001298027
=909  \\$ab0000044076204
=915  \\$aBZCz 2009/40868
=916  \\$aŚwierkosz, Monika   (1981- )
=950  \\$uhttps://eu05.alma.exlibrisgroup.com/view/uresolver/48OMNIS_NETWORK/openurl?u.ignore_date_coverage=true&portfolio_pid=53655665590005066&Force_direct=true$zZobacz w Polonie$853655665590005066
=980  \\$aArtykuły
=996  \\$a.b44076204$9local$z48OMNIS_NLOP
=998  \\$ao$9local$z48OMNIS_NLOP
=999  \\$abzcz$bjv$bmw$cjkr$x11$y2009$amerk
  
