=LDR  01357naa a2200421 i 4500
=001  b0000004415631
=005  20221015174855.0
=008  100304s2009    pl           |000 0 pol  
=009  9910368558105606
=015  \\$aBZCz 2010/9539
=035  \\$a991018555559705066
=035  \\$a(PL-WaBN)b44156315-48omnis_nlop
=035  \\$ab44156315
=035  \\$a(OCoLC)995726448
=040  \\$aWA N$cWA N
=080  \\$a821.162.1(091)
=100  1\$aWieliczko, Karolina Ewa$d(1986- )
=245  10$aŚladami Kairosa /$cKarolina E. Wieliczko.
=260  \\$c2009.
=336  \\$aTekst$btxt$2rdacontent
=337  \\$aBez urządzenia pośredniczącego$bn$2rdamedia
=338  \\$aWolumin$bnc$2rdacarrier
=380  \\$aArtykuły
=520  8\$aZawiera rec. książki: Bieguni / Olga Tokarczuk. - Kraków, 2008.
=600  17$aTokarczuk, Olga$d(1962- ).$tBieguni$2DBN
=655  \7$aRecenzja literacka$2DBN
=773  0\$iW:$tAkcent (Lublin).$x0208-6220.$gR. 30, nr 1 (2009), s. 126-128
=909  \\$ab0000044156315
=915  \\$aBZCz 2010/9539
=916  \\$aWieliczko, Karolina Ewa   (1986- )
=931  \\$a821.162.1(091)
=955  \7$aRecenzja literacka$2DBN
=980  \\$aArtykuły
=996  \\$a.b44156315$9local$z48OMNIS_NLOP
=998  \\$ao$9local$z48OMNIS_NLOP
=999  \\$abzcz$bws$baw$cdm$x03$y2010
  
