=LDR  01465naa a2200433 i 4500
=001  b0000004428020
=005  20221014143614.2
=008  100901s2010    pl           |000 0 pol  
=009  9910521157605606
=015  \\$aBZCz 2010/28154
=035  \\$a991019043129705066
=035  \\$a(PL-WaBN)b44280208-48omnis_nlop
=035  \\$ab44280208
=035  \\$a(OCoLC)998869659
=040  \\$aWA N$cWA N
=080  \\$a821.162.1(091)
=100  1\$aSzlachta-Misztal, Justyna
=245  10$a"Zwierzęca" zemsta /$cJustyna Szlachta-Misztal.
=260  \\$c2010.
=336  \\$aTekst$btxt$2rdacontent
=337  \\$aBez urządzenia pośredniczącego$bn$2rdamedia
=338  \\$aWolumin$bnc$2rdacarrier
=380  \\$aArtykuły
=510  4\$aPB$c276/2010.
=520  8\$aZawiera rec. książki: Prowadź swój pług przez kości umarłych / Olga Tokarczuk. - Kraków, 2009.
=600  17$aTokarczuk, Olga$d(1962- ).$tProwadź swój pług przez kości umarłych$2DBN
=655  \7$aRecenzja literacka$2DBN
=773  0\$iW:$tŚląsk : miesięcznik społeczno-kulturalny.$gR. 16, nr 2 (2010), s. 72
=909  \\$ab0000044280208
=915  \\$aBZCz 2010/28154
=916  \\$aSzlachta-Misztal, Justyna   
=931  \\$a821.162.1(091)
=955  \7$aRecenzja literacka$2DBN
=980  \\$aArtykuły
=996  \\$a.b44280208$9local$z48OMNIS_NLOP
=998  \\$ao$9local$z48OMNIS_NLOP
=999  \\$abzcz$bjv$bmw$cmb$x09$y2010
  
