=LDR  01483naa a2200433 i 4500
=001  b0000004430629
=005  20221015174811.7
=008  101008s2010    pl           |000 0 pol  
=009  9910283662605606
=015  \\$aBZCz 2010/31725
=035  \\$a991019145439705066
=035  \\$a(PL-WaBN)b44306295-48omnis_nlop
=035  \\$ab44306295
=035  \\$a(OCoLC)998897419
=040  \\$aWA N$cWA N
=080  \\$a821.162.1(091)
=100  1\$aWierzejska, Jagoda$d(1982- )
=245  10$aIdź za pługiem z radością /$cJagoda Wierzejska.
=260  \\$c2010.
=336  \\$aTekst$btxt$2rdacontent
=337  \\$aBez urządzenia pośredniczącego$bn$2rdamedia
=338  \\$aWolumin$bnc$2rdacarrier
=380  \\$aArtykuły
=510  4\$aPB$c276/2010.
=520  8\$aZawiera rec. książki: Prowadź swój pług przez kości umarłych / Olga Tokarczuk. - Kraków, 2009.
=600  17$aTokarczuk, Olga$d(1962- ).$tProwadź swój pług przez kości umarłych$2DBN
=655  \7$aRecenzja literacka$2DBN
=773  0\$iW:$tNowe Książki : przegląd nowości wydawniczych.$x0137-8562.$g2010, nr 3, s. 10-11
=909  \\$ab0000044306295
=915  \\$aBZCz 2010/31725
=916  \\$aWierzejska, Jagoda   (1982- )
=931  \\$a821.162.1(091)
=955  \7$aRecenzja literacka$2DBN
=980  \\$aArtykuły
=996  \\$a.b44306295$9local$z48OMNIS_NLOP
=998  \\$ao$9local$z48OMNIS_NLOP
=999  \\$abzcz$bjt$bbw$cdm$x10$y2010
  
