=LDR  01486naa a2200433 i 4500
=001  b0000004430727
=005  20221014143443.3
=008  101012s2010    pl           |000 0 pol  
=009  9910096943205606
=015  \\$aBZCz 2010/31546
=035  \\$a991019149149705066
=035  \\$a(PL-WaBN)b44307275-48omnis_nlop
=035  \\$ab44307275
=035  \\$a(OCoLC)998898717
=040  \\$aWA N$cWA N
=080  \\$a821.162.1(091)
=100  1\$aCzachowska, Agnieszka
=245  10$aHiperpoprawność Olgi Tokarczuk /$cAgnieszka Czachowska.
=260  \\$c2010.
=336  \\$aTekst$btxt$2rdacontent
=337  \\$aBez urządzenia pośredniczącego$bn$2rdamedia
=338  \\$aWolumin$bnc$2rdacarrier
=380  \\$aArtykuły
=510  4\$aPB$c276/2010.
=520  8\$aZawiera rec. książki: Prowadź swój pług przez kości umarłych / Olga Tokarczuk. - Kraków, 2009.
=600  17$aTokarczuk, Olga$d(1962- ).$tProwadź swój pług przez kości umarłych$2DBN
=655  \7$aRecenzja literacka$2DBN
=773  0\$iW:$tTwórczość : miesięcznik literacko-krytyczny.$x0041-4727.$gR. 66, nr 3 (2010), s. 102-108
=909  \\$ab0000044307275
=915  \\$aBZCz 2010/31546
=916  \\$aCzachowska, Agnieszka   
=931  \\$a821.162.1(091)
=955  \7$aRecenzja literacka$2DBN
=980  \\$aArtykuły
=996  \\$a.b44307275$9local$z48OMNIS_NLOP
=998  \\$ao$9local$z48OMNIS_NLOP
=999  \\$abzcz$bjv$bbw$cdm$x10$y2010
  
