=LDR  01694naa a2200433 i 4500
=001  b0000004438665
=005  20221015174826.1
=008  110203s2009    pl           |000 0 pol  
=009  9910218353705606
=015  \\$aBZCz 2011/6528
=035  \\$a991019460349705066
=035  \\$a(PL-WaBN)b44386655-48omnis_nlop
=035  \\$ab44386655
=035  \\$a(OCoLC)998963322
=040  \\$aWA N$cWA N
=080  \\$a821.162.1(091)
=100  1\$aOstaszewski, Robert$d(1972- )
=245  10$aTe, co skaczą i fruwają... zabijają? /$cRobert Ostaszewski.
=260  \\$c2009.
=336  \\$aTekst$btxt$2rdacontent
=337  \\$aBez urządzenia pośredniczącego$bn$2rdamedia
=338  \\$aWolumin$bnc$2rdacarrier
=380  \\$aArtykuły
=520  8\$aZawiera rec. książki: Prowadź swój pług przez kości umarłych / Olga Tokarczuk. - Kraków, 2009.
=600  17$aTokarczuk, Olga$d(1962- ).$tProwadź swój pług przez kości umarłych$2DBN
=655  \7$aRecenzja literacka$2DBN
=773  0\$iW:$tFA-art : kwartalnik Ruchu "Wolność i Pokój".$x1231-0158.$g2009, nr 4, s. 68-70$w(PL)b0000001298027
=909  \\$ab0000044386655
=915  \\$aBZCz 2011/6528
=916  \\$aOstaszewski, Robert   (1972- )
=931  \\$a821.162.1(091)
=950  \\$uhttps://eu05.alma.exlibrisgroup.com/view/uresolver/48OMNIS_NETWORK/openurl?u.ignore_date_coverage=true&portfolio_pid=53656575610005066&Force_direct=true$zZobacz w Polonie$853656575610005066
=955  \7$aRecenzja literacka$2DBN
=980  \\$aArtykuły
=996  \\$a.b44386655$9local$z48OMNIS_NLOP
=998  \\$ao$9local$z48OMNIS_NLOP
=999  \\$abzcz$bjv$bmw$cmb$x02$y2011$amerk
  
