=LDR  01760naa a2200481 i 4500
=001  b0000004442323
=005  20221014143459.1
=008  110118s2009    pl           |000 0 pol  
=009  9910055614405606
=015  \\$aBZCz 2011/13418
=035  \\$a991019602699705066
=035  \\$a(PL-WaBN)b44423238-48omnis_nlop
=035  \\$ab44423238
=035  \\$a(OCoLC)998995091
=040  \\$aWA N$cWA N
=080  \\$a821.162.1(091)(045/046)
=100  1\$aPłaczek, Michał$d(1987- )
=245  10$a"Morderstwo w pełnym majestacie" :$bo figurze martwej kobiety w prozie pisarek polskich tworzących po 1989 roku /$cMichał Płaczek.
=260  \\$c2009.
=336  \\$aTekst$btxt$2rdacontent
=337  \\$aBez urządzenia pośredniczącego$bn$2rdamedia
=338  \\$aWolumin$bnc$2rdacarrier
=380  \\$aArtykuły
=600  17$aDzido, Marta$d(1981- )$2DBN
=600  17$aMorska, Izabela$d(1961- )$2DBN
=650  \7$aKobieta$xw literaturze polskiej$2DBN
=655  \7$aLiteratura kobieca$xhistoria$zPolska$yod 1989 r.$2DBN
=773  0\$iW:$tFraza : pismo literacko-społeczne.$x1230-4832.$gR. 18[19], nr 3/4 (2009), s. 242-252
=909  \\$ab0000044423238
=915  \\$aBZCz 2011/13418
=916  \\$aPłaczek, Michał   (1987- )
=931  \\$a821.162.1(091)(045/046)
=955  \7$aLiteratura kobieca$xhistoria$zPolska$yod 1989 r.$2DBN
=980  \\$aArtykuły
=996  \\$a.b44423238$9local$z48OMNIS_NLOP
=998  \\$ao$9local$z48OMNIS_NLOP
=999  \\$abzcz$bws$baw$cmb$x04$y2011
  
