=LDR  01426naa a2200421 i 4500
=001  b0000004443790
=005  20221015174938.0
=008  110418s2010    pl           |000 0 pol  
=009  9910471246105606
=015  \\$aBZCz 2011/13305
=035  \\$a991019660729705066
=035  \\$a(PL-WaBN)b44437900-48omnis_nlop
=035  \\$ab44437900
=035  \\$a(OCoLC)999007202
=040  \\$aWA N$cWA N
=080  \\$a821.162.1(091)
=100  1\$aGórska, Weronika$d(1986- )
=245  10$aProroctwa Blake'a znad trucheł /$cWeronika Górska.
=260  \\$c2010.
=336  \\$aTekst$btxt$2rdacontent
=337  \\$aBez urządzenia pośredniczącego$bn$2rdamedia
=338  \\$aWolumin$bnc$2rdacarrier
=380  \\$aArtykuły
=520  8\$aZawiera rec. książki: Prowadź swój pług przez kości umarłych / Olga Tokarczuk. - Kraków, 2009.
=600  17$aTokarczuk, Olga$d(1962- ).$tProwadź swój pług przez kości umarłych$2DBN
=655  \7$aRecenzja literacka$2DBN
=773  0\$iW:$tMigotania, Przejaśnienia.$x1730-6531.$g2010, nr 1, s. 44
=909  \\$ab0000044437900
=915  \\$aBZCz 2011/13305
=916  \\$aGórska, Weronika   (1986- )
=931  \\$a821.162.1(091)
=955  \7$aRecenzja literacka$2DBN
=980  \\$aArtykuły
=996  \\$a.b44437900$9local$z48OMNIS_NLOP
=998  \\$ao$9local$z48OMNIS_NLOP
=999  \\$abzcz$bws$bbw$cbw$x04$y2011
  
