=LDR  01422naa a2200421 i 4500
=001  b0000004443792
=005  20221015175050.0
=008  110418s2010    pl           |000 0 pol  
=009  9910200576705606
=015  \\$aBZCz 2011/13446
=035  \\$a991019660809705066
=035  \\$a(PL-WaBN)b44437924-48omnis_nlop
=035  \\$ab44437924
=035  \\$a(OCoLC)999007206
=040  \\$aWA N$cWA N
=080  \\$a821.162.1(091)
=100  1\$aSobieraj, Wioletta
=245  10$aThriller moralny... w innym kontekście /$cWioletta Sobieraj.
=260  \\$c2010.
=336  \\$aTekst$btxt$2rdacontent
=337  \\$aBez urządzenia pośredniczącego$bn$2rdamedia
=338  \\$aWolumin$bnc$2rdacarrier
=380  \\$aArtykuły
=520  8\$aZawiera rec. książki: Prowadź swój pług przez kości umarłych / Olga Tokarczuk. - Kraków, 2009.
=600  17$aTokarczuk, Olga$d(1962- ).$tProwadź swój pług przez kości umarłych$2DBN
=655  \7$aRecenzja literacka$2DBN
=773  0\$iW:$tMigotania, Przejaśnienia.$x1730-6531.$g2010, nr 1, s. 44-45
=909  \\$ab0000044437924
=915  \\$aBZCz 2011/13446
=916  \\$aSobieraj, Wioletta   
=931  \\$a821.162.1(091)
=955  \7$aRecenzja literacka$2DBN
=980  \\$aArtykuły
=996  \\$a.b44437924$9local$z48OMNIS_NLOP
=998  \\$ao$9local$z48OMNIS_NLOP
=999  \\$abzcz$bws$bbw$cbw$x04$y2011
  
