=LDR  01476naa a2200433 i 4500
=001  b0000004444221
=005  20221014143511.1
=008  110427s2010    pl           |000 0 pol  
=009  9910141749105606
=015  \\$aBZCz 2011/13270
=035  \\$a991019677859705066
=035  \\$a(PL-WaBN)b4444221x-48omnis_nlop
=035  \\$ab4444221x
=035  \\$a(OCoLC)999009328
=040  \\$aWA N$cWA N
=080  \\$a821.162.1(091)
=100  1\$aBrowarny, Wojciech$d(1970- )
=245  10$aGatunek sudecki /$cWojciech Browarny.
=260  \\$c2010.
=336  \\$aTekst$btxt$2rdacontent
=337  \\$aBez urządzenia pośredniczącego$bn$2rdamedia
=338  \\$aWolumin$bnc$2rdacarrier
=380  \\$aArtykuły
=520  8\$aZawiera rec. książki: Prowadź swój pług przez kości umarłych / Olga Tokarczuk. - Kraków, 2009.
=600  17$aTokarczuk, Olga$d(1962- ).$tProwadź swój pług przez kości umarłych$2DBN
=655  \7$aRecenzja literacka$2DBN
=773  0\$iW:$tOdra (Wrocław).$x0472-5182.$g2010, nr 9, s. 129-130$w(PL)b0000001479660
=909  \\$ab000004444221x
=915  \\$aBZCz 2011/13270
=916  \\$aBrowarny, Wojciech   (1970- )
=931  \\$a821.162.1(091)
=935  \\$aUM2668955$9LOCAL$z48OMNIS_UMKWT
=955  \7$aRecenzja literacka$2DBN
=980  \\$aArtykuły
=996  \\$a.b4444221x$9local$z48OMNIS_NLOP
=998  \\$ao$9local$z48OMNIS_NLOP
=999  \\$abzcz$bws$bbw$cbw$x04$y2011
  
