=LDR  01731naa a2200505 i 4500
=001  b0000004450118
=005  20221015174909.2
=008  110704s2010    pl           |000 0 pol  
=009  9910306126205606
=015  \\$aBZCz 2011/25513
=035  \\$a991019908449705066
=035  \\$a(PL-WaBN)b44501183-48omnis_nlop
=035  \\$ab44501183
=035  \\$a(OCoLC)999058507
=040  \\$aWA N$cWA N
=080  \\$a792
=100  1\$aLarek, Michał$d(1978- )
=245  10$aMoralitet w objęciach popu /$cMichał Larek.
=260  \\$c2010.
=336  \\$aTekst$btxt$2rdacontent
=337  \\$aBez urządzenia pośredniczącego$bn$2rdamedia
=338  \\$aWolumin$bnc$2rdacarrier
=380  \\$aArtykuły
=520  8\$aZawiera rec. przedstawienia: Pomórnik. Kryminał ekologiczny / wg Olgi Tokarczuk ; reż. Emilia Sadowska ; Teatr Polski, Poznań.
=600  17$aSadowska, Emilia$2DBN
=610  27$aTeatr Polski (Poznań)$2DBN
=650  \7$aInscenizacja$2DBN
=651  \7$aPoznań (woj. wielkopolskie)$xteatr$y2010 r.$2DBN
=655  \7$aRecenzja teatralna$2DBN
=658  \\$aKultura i sztuka
=773  0\$iW:$tTeatr (Warszawa).$x0040-0769.$g2010, nr 11, s. 20-21
=909  \\$ab0000044501183
=915  \\$aBZCz 2011/25513
=916  \\$aLarek, Michał   (1978- )
=931  \\$a792
=951  \7$aPoznań (woj. wielkopolskie)$xteatr$y2010 r.$2DBN
=955  \7$aRecenzja teatralna$2DBN
=958  \\$aKultura i sztuka
=980  \\$aArtykuły
=996  \\$a.b44501183$9local$z48OMNIS_NLOP
=998  \\$ao$9local$z48OMNIS_NLOP
=999  \\$abzcz$bws$bbw$cwr$x07-08$y2011
  
