=LDR  01427naa a2200421 i 4500
=001  b0000004452125
=005  20221015174855.0
=008  110805s2010    pl           |000 0 pol  
=009  9910281436305606
=015  \\$aBZCz 2011/26322
=035  \\$a991019986919705066
=035  \\$a(PL-WaBN)b4452125x-48omnis_nlop
=035  \\$ab4452125x
=035  \\$a(OCoLC)999074441
=040  \\$aWA N$cWA N
=080  \\$a821.162.1(091)
=100  1\$aPrzepiórka, Grzegorz$d(1982- )
=245  10$aKobieta, która widzi inaczej niż wszyscy /$cGrzegorz Przepiórka.
=260  \\$c2010.
=336  \\$aTekst$btxt$2rdacontent
=337  \\$aBez urządzenia pośredniczącego$bn$2rdamedia
=338  \\$aWolumin$bnc$2rdacarrier
=380  \\$aArtykuły
=520  8\$aZawiera rec. książki: Prowadź swój pług przez kości umarłych / Olga Tokarczuk. - Kraków, 2009.
=600  17$aTokarczuk, Olga$d(1962- ).$tProwadź swój pług przez kości umarłych$2DBN
=655  \7$aRecenzja literacka$2DBN
=773  0\$iW:$tKresy.$g2010, nr 1/2, s. 186-190
=909  \\$ab000004452125x
=915  \\$aBZCz 2011/26322
=916  \\$aPrzepiórka, Grzegorz   (1982- )
=931  \\$a821.162.1(091)
=955  \7$aRecenzja literacka$2DBN
=980  \\$aArtykuły
=996  \\$a.b4452125x$9local$z48OMNIS_NLOP
=998  \\$ao$9local$z48OMNIS_NLOP
=999  \\$abzcz$bjv$baw$cdm$x07-08$y2011
  
