=LDR  01855naa a2200517 i 4500
=001  b0000004452902
=005  20221014143558.4
=008  110818s2009    pl           |100 0 pol  
=009  9910047767005606
=015  \\$aBZCz 2009/46869
=035  \\$a991020017289705066
=035  \\$a(PL-WaBN)b44529028-48omnis_nlop
=035  \\$ab44529028
=035  \\$a(OCoLC)1011298028
=040  \\$aWA N$cWA N$dWA N
=041  0\$apol$beng
=100  1\$aWitkoś, Katarzyna.
=245  10$aLiteratura a psychologia głębi :$b"Ostatnie historie" Olgi Tokarczuk czyli droga do indywiduacji C.G. Junga /$cKatarzyna Witkoś.
=260  \\$c2009.
=336  \\$aTekst$btxt$2rdacontent
=337  \\$aBez urządzenia pośredniczącego$bn$2rdamedia
=338  \\$aWolumin$bnc$2rdacarrier
=380  \\$aArtykuły
=520  8\$aMateriały z 9. konferencji naukowej "Proza polska po roku 1989. Strategie czytania", Maniowy.
=546  \\$aStreszcz. ang.
=600  17$aJung, Carl Gustav$d(1875-1961)$2DBN
=650  \7$aLiteratura polska$2DBN
=655  \7$aPowieść polska$xhistoria$y21 w.$2DBN
=658  \\$aLiteraturoznawstwo
=773  0\$iW:$tAnnales Academiae Paedagogicae Cracoviensis. Studia Historicolitteraria.$x1644-1885.$g[Nr] 9 (2009), s. 206-218
=909  \\$ab0000044529028
=915  \\$aBZCz 2009/46869
=916  \\$aWitkoś, Katarzyna.   
=955  \7$aPowieść polska$xhistoria$y21 w.$2DBN
=958  \\$aLiteraturoznawstwo
=980  \\$aArtykuły
=996  \\$a.b44529028$9local$z48OMNIS_NLOP
=998  \\$ao$9local$z48OMNIS_NLOP
=999  \\$abzcz$bmw$bmkw$cwm$x2a$y2009
=999  \\$aDBN01$ckor
  
