=LDR  01496naa a2200469 i 4500
=001  b0000004455014
=005  20211030064735.1
=008  110920s2010    pl           |000 0 pol  
=009  9910090001705606
=015  \\$aBZCz 2011/29567
=035  \\$a991020099519705066
=035  \\$a(PL-WaBN)b44550145-48omnis_nlop
=035  \\$ab44550145
=035  \\$a(OCoLC)1011313843
=040  \\$aWA N$cWA N
=080  \\$a821.162.1(091)
=100  1\$aTokarczuk, Olga$d(1962- )
=245  10$aRozmowa z Olgą Tokarczuk /$crozm. przepr. Renata Kraszewska.
=260  \\$c2010.
=336  \\$aTekst$btxt$2rdacontent
=337  \\$aBez urządzenia pośredniczącego$bn$2rdamedia
=338  \\$aWolumin$bnc$2rdacarrier
=380  \\$aArtykuły
=600  17$aTokarczuk, Olga$d(1962- )$2DBN
=655  \7$aLiteratura polska$xhistoria$yod 1989 r.$2DBN
=700  1\$aKraszewska, Renata.$eRozm. przepr.
=773  0\$iW:$tZnaj.$gNr 6 (2010), s. 136-140
=902  \\$a180808$c110920$dm$eb$fb$g0
=909  \\$ab0000044550145
=915  \\$aBZCz 2011/29567
=916  \\$aTokarczuk, Olga   (1962- )
=918  1\$aKraszewska, Renata.
=931  \\$a821.162.1(091)
=955  \7$aLiteratura polska$xhistoria$yod 1989 r.$2DBN
=980  \\$aArtykuły
=996  \\$a.b44550145$9local$z48OMNIS_NLOP
=998  \\$ao$9local$z48OMNIS_NLOP
=999  \\$abzcz$bws$bbw$cdm$x09$y2011
  
