=LDR  01281naa a2200397 i 4500
=001  b0000004455598
=005  20221015174952.3
=008  110903s2009    pl           |000 0 pol  
=009  9910163084105606
=015  \\$aBZCz 2009/49095
=035  \\$a991020121469705066
=035  \\$a(PL-WaBN)b44555982-48omnis_nlop
=035  \\$ab44555982
=035  \\$a(OCoLC)999107883
=040  \\$aWA N$cWA N
=100  1\$aCielecki, Marcin$d(1979- )
=245  10$aDemon pośpiechu /$cMarcin Cielecki.
=260  \\$c2009.
=336  \\$aTekst$btxt$2rdacontent
=337  \\$aBez urządzenia pośredniczącego$bn$2rdamedia
=338  \\$aWolumin$bnc$2rdacarrier
=380  \\$aArtykuły
=520  8\$aZawiera rec. książki: Bieguni / Olga Tokarczuk. - Kraków, 2007.
=600  17$aTokarczuk, Olga$d(1962- ).$tBieguni$2DBN
=655  \7$aRecenzja literacka$2DBN
=773  0\$iW:$tCzterdzieści i Cztery.$x1899-9093.$g[Nr] 2 (2009), s. 319-327
=909  \\$ab0000044555982
=915  \\$aBZCz 2009/49095
=916  \\$aCielecki, Marcin   (1979- )
=955  \7$aRecenzja literacka$2DBN
=980  \\$aArtykuły
=996  \\$a.b44555982$9local$z48OMNIS_NLOP
=998  \\$ao$9local$z48OMNIS_NLOP
=999  \\$abzcz$bza1$bza1$cwm$x3a$y2009
  
