=LDR  01542naa a2200445 i 4500
=001  b0000004458656
=005  20221015174840.4
=008  110928s2010    pl           |000 0 pol  
=009  9910276918205606
=015  \\$aBZCz 2011/35488
=035  \\$a991020239849705066
=035  \\$a(PL-WaBN)b44586565-48omnis_nlop
=035  \\$ab44586565
=035  \\$a(OCoLC)999132466
=040  \\$aWA N$cWA N
=080  \\$a821.162.1(091)
=100  1\$aProkopowicz, Elżbieta$d(1981- )
=245  10$aZborsuczone suki /$cElżbieta Prokopowicz.
=260  \\$c2010.
=336  \\$aTekst$btxt$2rdacontent
=337  \\$aBez urządzenia pośredniczącego$bn$2rdamedia
=338  \\$aWolumin$bnc$2rdacarrier
=380  \\$aArtykuły
=600  17$aTokarczuk, Olga$d(1962- ).$tProwadź swój pług przez kości umarłych$2DBN
=655  \7$aDramat polski$xhistoria$y1918-1939 r.$2DBN
=773  0\$iW:$tFragile : pismo kulturalne.$x1899-4261.$g2010, nr 3, s. 15-18
=909  \\$ab0000044586565
=915  \\$aBZCz 2011/35488
=916  \\$aProkopowicz, Elżbieta   (1981- )
=931  \\$a821.162.1(091)
=955  \7$aDramat polski$xhistoria$y1918-1939 r.$2DBN
=980  \\$aArtykuły
=996  \\$a.b44586565$9local$z48OMNIS_NLOP
=998  \\$ao$9local$z48OMNIS_NLOP
=999  \\$abzcz$bjv$bbw$cjkr$x11$y2011
  
