=LDR  01436naa a2200421 i 4500
=001  b0000004459967
=005  20221015174952.3
=008  111116s2010    pl           |000 0 pol  
=009  9910483377705606
=015  \\$aBZCz 2011/35343
=035  \\$a991020290159705066
=035  \\$a(PL-WaBN)b44599675-48omnis_nlop
=035  \\$ab44599675
=035  \\$a(OCoLC)999144038
=040  \\$aWA N$cWA N
=080  \\$a821.162.1(091)
=100  1\$aDobiegała, Anna$d(1984- )
=245  10$aKobieta u pługa /$cAnna Dobiegała.
=260  \\$c2010.
=336  \\$aTekst$btxt$2rdacontent
=337  \\$aBez urządzenia pośredniczącego$bn$2rdamedia
=338  \\$aWolumin$bnc$2rdacarrier
=380  \\$aArtykuły
=520  8\$aZawiera rec. książki: Prowadź swój pług przez kości umarłych / Olga Tokarczuk. - Kraków, 2009.
=600  17$aTokarczuk, Olga$d(1962- ).$tProwadź swój pług przez kości umarłych$2DBN
=655  \7$aRecenzja literacka$2DBN
=773  0\$iW:$tFraza : pismo literacko-społeczne.$x1230-4832.$gR. 19[20], nr 3/4 (2010), s. 322-324
=909  \\$ab0000044599675
=915  \\$aBZCz 2011/35343
=916  \\$aDobiegała, Anna   (1984- )
=931  \\$a821.162.1(091)
=955  \7$aRecenzja literacka$2DBN
=980  \\$aArtykuły
=996  \\$a.b44599675$9local$z48OMNIS_NLOP
=998  \\$ao$9local$z48OMNIS_NLOP
=999  \\$abzcz$bjv$baw$caw$x11$y2011
  
