=LDR  01557naa a2200457 i 4500
=001  b0000004484279
=005  20221015174938.0
=008  121017s2011    pl           |000 0 pol  
=009  9910457074305606
=015  \\$aBZCz 2012/32338
=035  \\$a991021236519705066
=035  \\$a(PL-WaBN)b4484279x-48omnis_nlop
=035  \\$ab4484279x
=035  \\$a(OCoLC)998267848
=040  \\$aWA N$cWA N$dLUBL M
=041  1\$apol$hrus
=080  \\$a821.162.1(091)
=100  1\$aGorbačevska, Valentina
=245  10$aObrazki z życia ... czyli wschodniosłowiańskie rozmyślania nad prozą Olgi Tokarczuk /$cWalentyna Gorbaczewska ; tł. z ros. Grzegorz Michałowski.
=260  \\$c2011.
=336  \\$aTekst$btxt$2rdacontent
=337  \\$aBez urządzenia pośredniczącego$bn$2rdamedia
=338  \\$aWolumin$bnc$2rdacarrier
=380  \\$aArtykuły
=504  \\$aBibliogr.
=600  17$aTokarczuk, Olga$d(1962- )$2DBN
=655  \7$aProza polska$xhistoria$yod 1989 r.$2DBN
=700  1\$aMichałowski, Grzegorz$d(1950- )$eTł.
=773  0\$iW:$tPodlaski Kwartalnik Kulturalny.$x1234-6160.$g2011, nr 4, s. 7-18
=909  \\$ab000004484279x
=915  \\$aBZCz 2012/32338
=916  \\$aGorbačevska, Valentina   
=918  1\$aMichałowski, Grzegorz$d(1950- )
=931  \\$a821.162.1(091)
=955  \7$aProza polska$xhistoria$yod 1989 r.$2DBN
=980  \\$aArtykuły
=996  \\$a.b4484279x$9local$z48OMNIS_NLOP
=998  \\$ao$9local$z48OMNIS_NLOP
=999  \\$abzcz$bzmw$bmw$cmw$x10$y2012
  
