=LDR  01586naa a2200493 i 4500
=001  b0000004490394
=005  20221014143542.6
=008  121228s2010    pl           |000 0 pol  
=009  9910017429205606
=015  \\$aBZCz 2013/2759
=035  \\$a991021475509705066
=035  \\$a(PL-WaBN)b44903947-48omnis_nlop
=035  \\$ab44903947
=035  \\$a(OCoLC)998329566
=040  \\$aWA N$cWA N
=080  \\$a821.162.1(091)(045/046)
=100  1\$aTokarczuk, Olga$d(1962- )
=245  10$aŚwiat ambon /$cOlga Tokarczuk ; rozm. przepr. Kinga Dunin, Roman Kurkiewicz.
=260  \\$c2010.
=336  \\$aTekst$btxt$2rdacontent
=337  \\$aBez urządzenia pośredniczącego$bn$2rdamedia
=338  \\$aWolumin$bnc$2rdacarrier
=380  \\$aArtykuły
=500  \\$aFragm. dyskusji.
=600  17$aTokarczuk, Olga$d(1962- )$2DBN
=655  \7$aPowieść polska$xhistoria$y21 w.$2DBN
=700  1\$aDunin, Kinga$d(1954- )
=773  0\$iW:$tKrytyka Polityczna.$g[Nr] 20/21 (2010), s. 123-130
=909  \\$ab0000044903947
=915  \\$aBZCz 2013/2759
=916  \\$aTokarczuk, Olga   (1962- )
=918  1\$aDunin, Kinga$d(1954- )
=931  \\$a821.162.1(091)(045/046)
=955  \7$aPowieść polska$xhistoria$y21 w.$2DBN
=980  \\$aArtykuły
=996  \\$a.b44903947$9local$z48OMNIS_NLOP
=998  \\$ao$9local$z48OMNIS_NLOP
=999  \\$abzcz$bpg$bbw$cbw$x01$y2013
  
