=LDR  01390naa a2200409 i 4500
=001  b0000004490522
=005  20221015175035.5
=008  130107s2012    pl           |000 0 pol  
=009  9910250341505606
=015  \\$aBZCz 2013/2773
=035  \\$a991021480479705066
=035  \\$a(PL-WaBN)b44905221-48omnis_nlop
=035  \\$ab44905221
=035  \\$a(OCoLC)998331032
=040  \\$aWA N$cWA N
=080  \\$a821.162.1(091)(045/046)
=100  1\$aWieliczko, Karolina Ewa$d(1986- )
=245  10$aLudzie bez właściwości :$bprzygody z tożsamością w powieściach Olgi Tokarczuk /$cKarolina Ewa Wieliczko.
=260  \\$c2012.
=336  \\$aTekst$btxt$2rdacontent
=337  \\$aBez urządzenia pośredniczącego$bn$2rdamedia
=338  \\$aWolumin$bnc$2rdacarrier
=380  \\$aArtykuły
=600  17$aTokarczuk, Olga$d(1962- )$2DBN
=655  \7$aPowieść polska$xhistoria$yod 1989 r.$2DBN
=773  0\$iW:$tAkcent (Lublin).$x0208-6220.$gR. 33, nr 1 (2012), s. 77-86
=909  \\$ab0000044905221
=915  \\$aBZCz 2013/2773
=916  \\$aWieliczko, Karolina Ewa   (1986- )
=931  \\$a821.162.1(091)(045/046)
=955  \7$aPowieść polska$xhistoria$yod 1989 r.$2DBN
=980  \\$aArtykuły
=996  \\$a.b44905221$9local$z48OMNIS_NLOP
=998  \\$ao$9local$z48OMNIS_NLOP
=999  \\$abzcz$bxaw$baw$caw$x01$y2013
  
