=LDR  01512naa a2200445 i 4500
=001  b0000004491780
=005  20221014143459.1
=008  130305s2010    pl           |000 0 pol  
=009  9910500061805606
=015  \\$aBZCz 2013/6174
=035  \\$a991021529419705066
=035  \\$a(PL-WaBN)b44917806-48omnis_nlop
=035  \\$ab44917806
=035  \\$a(OCoLC)998342896
=040  \\$aWA N$cWA N
=080  \\$a821.162.1(091)(045/046)
=100  1\$aPetrowicz, Jarosław$d(1972- )
=245  10$aGwiazdy i stopy /$cJarosław Petrowicz.
=260  \\$c2010.
=336  \\$aTekst$btxt$2rdacontent
=337  \\$aBez urządzenia pośredniczącego$bn$2rdamedia
=338  \\$aWolumin$bnc$2rdacarrier
=380  \\$aArtykuły
=510  4\$aPB$c276/2010.
=520  8\$aZawiera rec. książki: Prowadź swój pług przez kości umarłych / Olga Tokarczuk. - Kraków, 2009.
=600  17$aTokarczuk, Olga$d(1962- ).$tProwadź swój pług przez kości umarłych$2DBN
=655  \7$aRecenzja literacka$2DBN
=740  0\$aProwadź swój pług przez kości umarłych - recenzja
=773  0\$iW:$tZnaczenia.$gNr 04 (2010), s. 175-179
=909  \\$ab0000044917806
=915  \\$aBZCz 2013/6174
=916  \\$aPetrowicz, Jarosław   (1972- )
=931  \\$a821.162.1(091)(045/046)
=955  \7$aRecenzja literacka$2DBN
=980  \\$aArtykuły
=996  \\$a.b44917806$9local$z48OMNIS_NLOP
=998  \\$ao$9local$z48OMNIS_NLOP
=999  \\$abzcz$bjds$cbw$x02$y2013
  
