=LDR  01458naa a2200445 i 4500
=001  b0000004494212
=005  20221014143511.1
=008  130417s2012    pl           |000 0 pol  
=009  9910079162405606
=015  \\$aBZCz 2013/12064
=035  \\$a991021623049705066
=035  \\$a(PL-WaBN)b44942126-48omnis_nlop
=035  \\$ab44942126
=035  \\$a(OCoLC)998366959
=040  \\$aWA N$cWA N
=080  \\$a821.162.1(091)(045/046)
=100  1\$aDuda, Maciej
=245  10$aNiedźwiedzia przysługa /$cMaciej Duda.
=260  \\$c2012.
=336  \\$aTekst$btxt$2rdacontent
=337  \\$aBez urządzenia pośredniczącego$bn$2rdamedia
=338  \\$aWolumin$bnc$2rdacarrier
=380  \\$aArtykuły
=510  4\$aPB$c34528/2012.
=520  8\$aZawiera rec. książki: Moment niedźwiedzia / Olga Tokarczuk. - Warszawa, 2012.
=600  17$aTokarczuk, Olga$d(1962- ).$tMoment niedźwiedzia$2DBN
=655  \7$aRecenzja literacka$2DBN
=740  0\$aMoment niedźwiedzia - recenzja
=773  0\$iW:$tNowe Książki : przegląd nowości wydawniczych.$x0137-8562.$g2012, nr 7, s. 39
=909  \\$ab0000044942126
=915  \\$aBZCz 2013/12064
=916  \\$aDuda, Maciej   
=931  \\$a821.162.1(091)(045/046)
=955  \7$aRecenzja literacka$2DBN
=980  \\$aArtykuły
=996  \\$a.b44942126$9local$z48OMNIS_NLOP
=998  \\$ao$9local$z48OMNIS_NLOP
=999  \\$abzcz$bbw$cbw$x04$y2013
  
