=LDR  01432naa a2200445 i 4500
=001  b0000004495920
=005  20221014143558.4
=008  130509s2012    pl           |000 0 pol  
=009  9910097275205606
=015  \\$aBZCz 2013/15497
=035  \\$a991021688789705066
=035  \\$a(PL-WaBN)b44959205-48omnis_nlop
=035  \\$ab44959205
=035  \\$a(OCoLC)998385246
=040  \\$aWA N$cWA N
=080  \\$a821.162.1(091)(045/046)
=100  1\$aWojak, Magdalena$d(1976- )
=245  10$aGra nietowarzyska /$cMagdaledna Wojak.
=260  \\$c2012.
=336  \\$aTekst$btxt$2rdacontent
=337  \\$aBez urządzenia pośredniczącego$bn$2rdamedia
=338  \\$aWolumin$bnc$2rdacarrier
=380  \\$aArtykuły
=510  4\$aPB$c34528/2012.
=520  8\$aZawiera rec. książki: Moment niedźwiedzia / Olga Tokarczuk. - Warszawa, 2012.
=600  17$aTokarczuk, Olga$d(1962- ).$tMoment niedźwiedzia$2DBN
=655  \7$aRecenzja literacka$2DBN
=740  0\$aMoment niedźwiedzia - recenzja
=773  0\$iW:$tWyspa.$g2012, nr 2, s. 136-138
=909  \\$ab0000044959205
=915  \\$aBZCz 2013/15497
=916  \\$aWojak, Magdalena   (1976- )
=931  \\$a821.162.1(091)(045/046)
=955  \7$aRecenzja literacka$2DBN
=980  \\$aArtykuły
=996  \\$a.b44959205$9local$z48OMNIS_NLOP
=998  \\$ao$9local$z48OMNIS_NLOP
=999  \\$abzcz$bws$cws$x05$y2013
  
