=LDR  01486naa a2200445 i 4500
=001  b0000004496282
=005  20221015175006.7
=008  130515s2012    pl           |000 0 pol  
=009  9910347625605606
=015  \\$aBZCz 2013/15328
=035  \\$a991021702909705066
=035  \\$a(PL-WaBN)b44962824-48omnis_nlop
=035  \\$ab44962824
=035  \\$a(OCoLC)998388987
=040  \\$aWA N$cWA N
=080  \\$a821.162.1(091)(045/046)
=100  1\$aCyngot, Jerzy
=245  10$aWymyślić świat - projekt otwarty :$bo heterotopiach Olgi Tokarczuk /$cJerzy Cyngot.
=260  \\$c2012.
=336  \\$aTekst$btxt$2rdacontent
=337  \\$aBez urządzenia pośredniczącego$bn$2rdamedia
=338  \\$aWolumin$bnc$2rdacarrier
=380  \\$aArtykuły
=510  4\$aPB$c34528/2012.
=520  8\$aZawiera rec. książki: Moment niedźwiedzia / Olga Tokarczuk. - Warszawa, 2012.
=600  17$aTokarczuk, Olga$d(1962- ).$tMoment niedźwiedzia$2DBN
=655  \7$aRecenzja literacka$2DBN
=740  0\$aMoment niedźwiedzia - recenzja
=773  0\$iW:$tMigotania : gazeta literacka.$x2083-2494.$g2012, nr 2, s. 49
=909  \\$ab0000044962824
=915  \\$aBZCz 2013/15328
=916  \\$aCyngot, Jerzy   
=931  \\$a821.162.1(091)(045/046)
=955  \7$aRecenzja literacka$2DBN
=980  \\$aArtykuły
=996  \\$a.b44962824$9local$z48OMNIS_NLOP
=998  \\$ao$9local$z48OMNIS_NLOP
=999  \\$abzcz$bws$cws$x05$y2013
  
