=LDR  01490naa a2200445 i 4500
=001  b0000004498876
=005  20221014143511.1
=008  130617s2012    pl           |000 0 pol  
=009  9910525212705606
=015  \\$aBZCz 2013/18626
=035  \\$a991021803559705066
=035  \\$a(PL-WaBN)b4498876x-48omnis_nlop
=035  \\$ab4498876x
=035  \\$a(OCoLC)998416140
=040  \\$aWA N$cWA N
=080  \\$a821.162.1(091)(045/046)
=100  1\$aTomczok, Marta$d(1980- )
=245  10$aChronić niedźwiedzia /$cMarta Cuber.
=260  \\$c2012.
=336  \\$aTekst$btxt$2rdacontent
=337  \\$aBez urządzenia pośredniczącego$bn$2rdamedia
=338  \\$aWolumin$bnc$2rdacarrier
=380  \\$aArtykuły
=510  4\$aPB$c13598/2012.
=520  8\$aZawiera rec. książki: Moment niedźwiedzia / Olga Tokarczuk. - Warszawa, 2012.
=600  17$aTokarczuk, Olga$d(1962- ).$tMoment niedźwiedzia$2DBN
=655  \7$aRecenzja literacka$2DBN
=740  0\$aMoment niedźwiedzia - recenzja
=773  0\$iW:$tTwórczość : miesięcznik literacko-krytyczny.$x0041-4727.$gR. 68, nr 7 (2012), s. 102-104
=909  \\$ab000004498876x
=915  \\$aBZCz 2013/18626
=916  \\$aTomczok, Marta   (1980- )
=931  \\$a821.162.1(091)(045/046)
=955  \7$aRecenzja literacka$2DBN
=980  \\$aArtykuły
=996  \\$a.b4498876x$9local$z48OMNIS_NLOP
=998  \\$ao$9local$z48OMNIS_NLOP
=999  \\$abzcz$bkw$cbw$x06$y2013
  
