=LDR  01526naa a2200481 i 4500
=001  b0000004505376
=005  20221015175133.2
=008  131009s2012    pl           |000 0 pol  
=009  9910418715805606
=015  \\$aBZCz 2013/10/31584
=035  \\$a991022058729705066
=035  \\$a(PL-WaBN)b45053765-48omnis_nlop
=035  \\$ab45053765
=035  \\$a(OCoLC)998480334
=040  \\$aWA N$cWA N
=080  \\$a01/02(045/046)
=080  \\$a159.9(045/046)
=100  1\$aTokarczuk, Olga$d(1962- )
=245  10$aPalec w soli, czyli krótka historia mojego czytania /$cOlga Tokarczuk.
=260  \\$c2012.
=336  \\$aTekst$btxt$2rdacontent
=337  \\$aBez urządzenia pośredniczącego$bn$2rdamedia
=338  \\$aWolumin$bnc$2rdacarrier
=380  \\$aArtykuły
=500  \\$aReferat.
=600  17$aTokarczuk, Olga$d(1962- )$2DBN
=650  \7$aCzytanie$xpsychologia.$2DBN
=650  \7$aCzytelnictwo$zPolska.$2DBN
=773  0\$iW:$tFraza : pismo literacko-społeczne.$x1230-4832.$gR. 21[22], nr 4 (2012), s. 80-90
=909  \\$ab0000045053765
=915  \\$aBZCz 2013/10/31584
=916  \\$aTokarczuk, Olga   (1962- )
=931  \\$a01/02(045/046)
=931  \\$a159.9(045/046)
=980  \\$aArtykuły
=996  \\$a.b45053765$9local$z48OMNIS_NLOP
=998  \\$ao$9local$z48OMNIS_NLOP
=999  \\$abzcz$bjds$cjkr$x10$y2013
  
