=LDR  02833naa a2200625 i 4500
=001  b0000004505382
=005  20221015174826.1
=008  131009s2012    pl           |000 0 pol  
=009  9910346926105606
=015  \\$aBZCz 2013/10/31615
=035  \\$a991022058959705066
=035  \\$a(PL-WaBN)b45053820-48omnis_nlop
=035  \\$ab45053820
=035  \\$a(OCoLC)998480338
=040  \\$aWA N$cWA N
=080  \\$a821.162.1(091)(045/046)
=245  00$aZbiorowy portret Olgi Tokarczuk /$cwstęp, zebrał i oprac. Adam Bienias.
=260  \\$c2012.
=336  \\$aTekst$btxt$2rdacontent
=337  \\$aBez urządzenia pośredniczącego$bn$2rdamedia
=338  \\$aWolumin$bnc$2rdacarrier
=380  \\$aArtykuły
=505  00$tBrand dla Olgi Tokarczuk /$rKrystyna Kofta.$tDuchowe centrum, czyli kilka uwag osobistych o opowiadaniu Olgi Tokarczuk /$rStanisław Dłuski.$tNamiocik bieguna /$rJerzy Jarzębski.$tCzas pociągu /$rArkadiusz Bagłajewski.$tGdzie jesteś Olgo? /$rKrystyna Januszewska.$tPowieści - traktaty /$rAnna Bolecka.$tO religijności w prozie Olgi Tokarczuk słów kilka /$rWiesław Felski.$tParadoksy wizerunku /$rMagdalena Lachman.
=600  17$aTokarczuk, Olga$d(1962- )$2DBN
=650  \7$aPisarze polscy$yod 1989 r.$2DBN
=655  \7$aProza polska$xhistoria$yod 1989 r.$2DBN
=700  1\$aBienias, Adam$d(1989- )$eOprac.
=700  12$aBagłajewski, Arkadiusz$d(1962- ).$tCzas pociągu
=700  12$aBolecka, Anna$d(1951- ).$tPowieści - traktaty
=700  12$aDłuski, Stanisław$d(1962- ).$tDuchowe centrum, czyli kilka uwag osobistych o opowiadaniu Olgi Tokarczuk
=700  12$aFelski, Wiesław$d(1973- ).$tO religijności w prozie Olgi Tokarczuk słów kilka
=700  12$aJanuszewska, Krystyna$d(1953- ).$tGdzie jesteś Olgo?
=700  12$aJarzębski, Jerzy$d(1947- ).$tNamiocik bieguna
=700  12$aKofta, Krystyna$d(1942- ).$tBrand dla Olgi Tokarczuk
=773  0\$iW:$tFraza : pismo literacko-społeczne.$x1230-4832.$gR. 21[22], nr 4 (2012), s. 98-115
=909  \\$ab0000045053820
=915  \\$aBZCz 2013/10/31615
=918  1\$aBienias, Adam$d(1989- )
=918  12$aBagłajewski, Arkadiusz$d(1962- ).
=918  12$aBolecka, Anna$d(1951- ).
=918  12$aDłuski, Stanisław$d(1962- ).
=918  12$aFelski, Wiesław$d(1973- ).
=918  12$aJanuszewska, Krystyna$d(1953- ).
=918  12$aJarzębski, Jerzy$d(1947- ).
=918  12$aKofta, Krystyna$d(1942- ).
=931  \\$a821.162.1(091)(045/046)
=955  \7$aProza polska$xhistoria$yod 1989 r.$2DBN
=980  \\$aArtykuły
=996  \\$a.b45053820$9local$z48OMNIS_NLOP
=998  \\$ao$9local$z48OMNIS_NLOP
=999  \\$abzcz$bjds$cjkr$x10$y2013
  
