=LDR  01370naa a2200397 i 4500
=001  b0000004520152
=005  20221015175006.7
=008  040922s2004    pl           |000 0 pol  
=009  9910232087205606
=015  \\$aPrasa 2004/7694
=035  \\$a991022634019705066
=035  \\$a(PL-WaBN)b45201523-48omnis_nlop
=035  \\$ab45201523
=035  \\$a(OCoLC)998636841
=040  \\$aWA N$cWA N
=100  1\$aTokarczuk, Olga$d(1962- )
=245  10$aSztuka dobrego umierania /$cOlga Tokarczuk ; rozm. przepr. Katarzyna Kubisiowska.
=260  \\$c2004.
=336  \\$aTekst$btxt$2rdacontent
=337  \\$aBez urządzenia pośredniczącego$bn$2rdamedia
=338  \\$aWolumin$bnc$2rdacarrier
=380  \\$aArtykuły
=600  17$aTokarczuk, Olga$d(1962- )$2DBN
=650  \7$aLiteratura polska$xhistoria$yod 1989 r.$2DBN
=700  1\$aKubisiowska, Katarzyna$d(1971- )$eRozm. przepr.
=773  0\$iW:$tRzeczpospolita (Wyd. zasadnicze).$x0208-9130.$g2004, nr 208, s. D6$w(PL)b0000001472831
=909  \\$ab0000045201523
=915  \\$aPrasa 2004/7694
=916  \\$aTokarczuk, Olga   (1962- )
=918  1\$aKubisiowska, Katarzyna$d(1971- )
=980  \\$aArtykuły
=996  \\$a.b45201523$9local$z48OMNIS_NLOP
=998  \\$ao$9local$z48OMNIS_NLOP
=999  \\$abzcz$bws$bew$bjkr$bkonw. 22/05/12(7764)$x09$y2004
  
