=LDR  01364naa a2200397 i 4500
=001  b0000004520455
=005  20221015175035.5
=008  040927s2004    pl           |000 0 pol  
=009  9910343778005606
=015  \\$aPrasa 2004/7996
=035  \\$a991022645659705066
=035  \\$a(PL-WaBN)b4520455x-48omnis_nlop
=035  \\$ab4520455x
=035  \\$a(OCoLC)998640459
=040  \\$aWA N$cWA N
=100  1\$aCzapliński, Przemysław$d(1962- )
=245  10$a[Ostatnie historie - recenzja] /$cPrzemysław Czapliński.
=260  \\$c2004.
=336  \\$aTekst$btxt$2rdacontent
=337  \\$aBez urządzenia pośredniczącego$bn$2rdamedia
=338  \\$aWolumin$bnc$2rdacarrier
=380  \\$aArtykuły
=520  8\$aZawiera rec. książki: Ostatnie historie / Olga Tokarczuk. - Kraków, 2004.
=600  17$aTokarczuk, Olga$d(1962- ).$tOstatnie historie$2DBN
=655  \7$aRecenzja$2DBN
=773  0\$iW:$tGazeta Wyborcza (Wyd. zasadnicze).$x0860-908X.$g2004, nr 224, s. 12$w(PL)b0000001301576
=909  \\$ab000004520455x
=915  \\$aPrasa 2004/7996
=916  \\$aCzapliński, Przemysław   (1962- )
=955  \7$aRecenzja$2DBN
=980  \\$aArtykuły
=996  \\$a.b4520455x$9local$z48OMNIS_NLOP
=998  \\$ao$9local$z48OMNIS_NLOP
=999  \\$abzcz$bms$bew$bdm$bkonw. 22/05/12(8069)$x09$y2004
  
