=LDR  01349naa a2200397 i 4500
=001  b0000004520606
=005  20221015174840.4
=008  040930s2004    pl           |000 0 pol  
=009  9910182591405606
=015  \\$aPrasa 2004/8147
=035  \\$a991022651589705066
=035  \\$a(PL-WaBN)b45206065-48omnis_nlop
=035  \\$ab45206065
=035  \\$a(OCoLC)998642356
=040  \\$aWA N$cWA N
=100  1\$aMasłoń, Krzysztof$d(1953- )
=245  10$a[Ostatnie historie - recenzja] /$cKrzysztof Masłoń.
=260  \\$c2004.
=336  \\$aTekst$btxt$2rdacontent
=337  \\$aBez urządzenia pośredniczącego$bn$2rdamedia
=338  \\$aWolumin$bnc$2rdacarrier
=380  \\$aArtykuły
=520  8\$aZawiera rec. książki: Ostatnie historie / Olga Tokarczuk. - Kraków, 2004.
=600  17$aTokarczuk, Olga$d(1962- ).$tOstatnie historie$2DBN
=655  \7$aRecenzja$2DBN
=773  0\$iW:$tRzeczpospolita (Wyd. zasadnicze).$x0208-9130.$g2004, nr 225, s. A10$w(PL)b0000001472831
=909  \\$ab0000045206065
=915  \\$aPrasa 2004/8147
=916  \\$aMasłoń, Krzysztof   (1953- )
=955  \7$aRecenzja$2DBN
=980  \\$aArtykuły
=996  \\$a.b45206065$9local$z48OMNIS_NLOP
=998  \\$ao$9local$z48OMNIS_NLOP
=999  \\$abzcz$bhm$bjb$bmo$bkonw. 22/05/12(8220)$x09$y2004
  
