=LDR  01380naa a2200397 i 4500
=001  b0000004521618
=005  20221015174826.1
=008  041029s2004    pl           |000 0 pol  
=009  9910381089005606
=015  \\$aPrasa 2004/9155
=035  \\$a991022691579705066
=035  \\$a(PL-WaBN)b45216186-48omnis_nlop
=035  \\$ab45216186
=035  \\$a(OCoLC)998653879
=040  \\$aWA N$cWA N
=100  1\$aOstaszewski, Robert$d(1972- )
=245  10$a[Ostatnie historie - recenzja] /$cRobert Ostaszewski.
=260  \\$c2004.
=336  \\$aTekst$btxt$2rdacontent
=337  \\$aBez urządzenia pośredniczącego$bn$2rdamedia
=338  \\$aWolumin$bnc$2rdacarrier
=380  \\$aArtykuły
=520  8\$aZawiera rec. książki: Ostatnie historie / Olga Tokarczuk. - Kraków, 2004.
=600  17$aTokarczuk, Olga$d(1962- ).$tOstatnie historie$2DBN
=655  \7$aRecenzja$2DBN
=773  0\$iW:$tTygodnik Powszechny : katolickie pismo społeczno-kulturalne.$x0041-4808.$g2004, nr 43, dod. s. 7$w(PL)b0000001298071
=909  \\$ab0000045216186
=915  \\$aPrasa 2004/9155
=916  \\$aOstaszewski, Robert   (1972- )
=955  \7$aRecenzja$2DBN
=980  \\$aArtykuły
=996  \\$a.b45216186$9local$z48OMNIS_NLOP
=998  \\$ao$9local$z48OMNIS_NLOP
=999  \\$abzcz$bmw$bag$bjkr$bkonw. 22/05/12(9235)$x10$y2004
  
