=LDR  01413naa a2200397 i 4500
=001  b0000004535736
=005  20221014143558.4
=008  020223s2002    pl           |000 0 pol  
=009  9910503020505606
=015  \\$aPrasa 2002/752
=035  \\$a991023239539705066
=035  \\$a(PL-WaBN)b45357365-48omnis_nlop
=035  \\$ab45357365
=035  \\$a(OCoLC)1008712305
=040  \\$aWA N$cWA N
=100  1\$aMasłoń, Krzysztof$d(1953- )
=245  10$a[Gra na wielu bębenkach - recenzja] /$cKrzysztof Masłoń.
=336  \\$aTekst$btxt$2rdacontent
=337  \\$aBez urządzenia pośredniczącego$bn$2rdamedia
=338  \\$aWolumin$bnc$2rdacarrier
=380  \\$aArtykuły
=510  4\$aPB$c1750/2002.
=520  8\$aZawiera rec. książki: Gra na wielu bębenkach  : 19 opowiadań / Olga Tokarczuk. - Wałbrzych, 2001.
=600  17$aTokarczuk, Olga$d(1962- ).$tGra na wielu bębenkach$2DBN
=655  \7$aRecenzja literacka$2DBN
=773  0\$iW:$tRzeczpospolita (Wyd. zasadnicze).$x0208-9130.$g2002, nr 4, s. E3$w(PL)b0000001472831
=909  \\$ab0000045357365
=915  \\$aPrasa 2002/752
=916  \\$aMasłoń, Krzysztof   (1953- )
=955  \7$aRecenzja literacka$2DBN
=980  \\$aArtykuły
=996  \\$a.b45357365$9local$z48OMNIS_NLOP
=998  \\$ao$9local$z48OMNIS_NLOP
=999  \\$abzcz$bws$aez$bep$bkonw. 22/05/12(23430)$x01$y2002
  
