=LDR  01421naa a2200397 i 4500
=001  b0000004536023
=005  20221014143558.4
=008  020228s2002    pl           |000 0 pol  
=009  9910490317505606
=015  \\$aPrasa 2002/1041
=035  \\$a991023250269705066
=035  \\$a(PL-WaBN)b45360236-48omnis_nlop
=035  \\$ab45360236
=035  \\$a(OCoLC)1008713880
=040  \\$aWA N$cWA N
=100  1\$aKlejnocki, Jarosław$d(1963- )
=245  10$a[Gra na wielu bębenkach - recenzja] /$cJarosław Klejnocki.
=336  \\$aTekst$btxt$2rdacontent
=337  \\$aBez urządzenia pośredniczącego$bn$2rdamedia
=338  \\$aWolumin$bnc$2rdacarrier
=380  \\$aArtykuły
=510  4\$aPB$c1750/2002.
=520  8\$aZawiera rec. książki: Gra na wielu bębenkach  : 19 opowiadań / Olga Tokarczuk. - Wałbrzych, 2001.
=600  17$aTokarczuk, Olga$d(1962- ).$tGra na wielu bębenkach$2DBN
=655  \7$aRecenzja literacka$2DBN
=773  0\$iW:$tGazeta Wyborcza (Wyd. zasadnicze).$x0860-908X.$g2002, nr 27, s. 14$w(PL)b0000001301576
=909  \\$ab0000045360236
=915  \\$aPrasa 2002/1041
=916  \\$aKlejnocki, Jarosław   (1963- )
=955  \7$aRecenzja literacka$2DBN
=980  \\$aArtykuły
=996  \\$a.b45360236$9local$z48OMNIS_NLOP
=998  \\$ao$9local$z48OMNIS_NLOP
=999  \\$abzcz$bjv$bew$bjkr$bkonw. 22/05/12(23718)$x02$y2002
  
