=LDR  01382naa a2200397 i 4500
=001  b0000004536386
=005  20221014143459.1
=008  020307s2002    pl           |000 0 pol  
=009  9910057395905606
=015  \\$aPrasa 2002/1401
=035  \\$a991023264069705066
=035  \\$a(PL-WaBN)b45363869-48omnis_nlop
=035  \\$ab45363869
=035  \\$a(OCoLC)1008714839
=040  \\$aWA N$cWA N
=100  1\$aNowacki, Dariusz
=245  10$a[Gra na wielu bębenkach - recenzja] /$cDariusz Nowacki.
=336  \\$aTekst$btxt$2rdacontent
=337  \\$aBez urządzenia pośredniczącego$bn$2rdamedia
=338  \\$aWolumin$bnc$2rdacarrier
=380  \\$aArtykuły
=510  4\$aPB$c1750/2002.
=520  8\$aZawiera rec. książki: Gra na wielu bębenkach  : 19 opowiadań / Olga Tokarczuk. - Wałbrzych, 2001.
=600  17$aTokarczuk, Olga$d(1962- ).$tGra na wielu bębenkach$2DBN
=655  \7$aRecenzja literacka$2DBN
=773  0\$iW:$tPolityka (Warszawa ; 1957).$x0032-3500.$g2002, nr 5, s. 52$w(PL)b0000001481990
=909  \\$ab0000045363869
=915  \\$aPrasa 2002/1401
=916  \\$aNowacki, Dariusz   
=955  \7$aRecenzja literacka$2DBN
=980  \\$aArtykuły
=996  \\$a.b45363869$9local$z48OMNIS_NLOP
=998  \\$ao$9local$z48OMNIS_NLOP
=999  \\$abzcz$bws$bag$bez$bkonw. 22/05/12(24082)$x02$y2002
  
