=LDR  01228naa a2200361 i 4500
=001  b0000004540088
=005  20221015174811.7
=008  020703s2002    pl           |000 0 pol  
=009  9910188005405606
=015  \\$aPrasa 2002/5086
=035  \\$a991023406649705066
=035  \\$a(PL-WaBN)b4540088x-48omnis_nlop
=035  \\$ab4540088x
=035  \\$a(OCoLC)1008725908
=040  \\$aWA N$cWA N
=100  1\$aTokarczuk, Olga$d(1962- )
=245  10$aNieskończenie wielkie pogranicze /$cOlga Tokarczuk.
=336  \\$aTekst$btxt$2rdacontent
=337  \\$aBez urządzenia pośredniczącego$bn$2rdamedia
=338  \\$aWolumin$bnc$2rdacarrier
=380  \\$aArtykuły
=520  8\$aPrzem. wygłoszone z okazji otrzymania nagrody "Brücke Berlin".
=600  17$aTokarczuk, Olga$d(1962- )$2DBN
=773  0\$iW:$tRzeczpospolita (Wyd. zasadnicze).$x0208-9130.$g2002, nr 150, s. A11$w(PL)b0000001472831
=909  \\$ab000004540088x
=915  \\$aPrasa 2002/5086
=916  \\$aTokarczuk, Olga   (1962- )
=980  \\$aArtykuły
=996  \\$a.b4540088x$9local$z48OMNIS_NLOP
=998  \\$ao$9local$z48OMNIS_NLOP
=999  \\$abzcz$bms$bag$bmo$bkonw. 22/05/12(27794)$x06$y2002
  
