=LDR  01472naa a2200397 i 4500
=001  b0000004541315
=005  20221015175035.5
=008  020821s2002    pl           |000 0 pol  
=009  9910158702105606
=015  \\$aPrasa 2002/6311
=035  \\$a991023479119705066
=035  \\$a(PL-WaBN)b45413150-48omnis_nlop
=035  \\$ab45413150
=035  \\$a(OCoLC)1008729856
=040  \\$aWA N$cWA N
=100  1\$aKorkozowicz, Jerzy$d(1919-2003)
=245  10$a[Gra na wielu bębenkach - recenzja] /$cJerzy Korkozowicz.
=336  \\$aTekst$btxt$2rdacontent
=337  \\$aBez urządzenia pośredniczącego$bn$2rdamedia
=338  \\$aWolumin$bnc$2rdacarrier
=380  \\$aArtykuły
=510  4\$aPB$c1750/2002.
=520  8\$aZawiera rec. książki: Gra na wielu bębenkach  : 19 opowiadań / Olga Tokarczuk. - Wałbrzych, 2001.
=600  17$aTokarczuk, Olga$d(1962- ).$tGra na wielu bębenkach$2DBN
=655  \7$aRecenzja literacka$2DBN
=773  0\$iW:$tGłos Nauczycielski : organ Zrzeszenia Nauczycielstwa Polskich Szkół Początkowych.$x0017-1263.$g2002, nr 30, s. 11$w(PL)b0000001533994
=909  \\$ab0000045413150
=915  \\$aPrasa 2002/6311
=916  \\$aKorkozowicz, Jerzy   (1919-2003)
=955  \7$aRecenzja literacka$2DBN
=980  \\$aArtykuły
=996  \\$a.b45413150$9local$z48OMNIS_NLOP
=998  \\$ao$9local$z48OMNIS_NLOP
=999  \\$abzcz$bhm$bjb$bjkr$bkonw. 22/05/12(29032)$x07$y2002
  
