=LDR  01414naa a2200397 i 4500
=001  b0000004542409
=005  20221014143558.4
=008  021010s2002    pl           |000 0 pol  
=009  9910092435505606
=015  \\$aPrasa 2002/7399
=035  \\$a991023541759705066
=035  \\$a(PL-WaBN)b45424093-48omnis_nlop
=035  \\$ab45424093
=035  \\$a(OCoLC)1008733312
=040  \\$aWA N$cWA N
=100  1\$aTokarczuk, Olga$d(1962- )
=245  10$aKicz nie musi być słodki /$cOlga Tokarczuk ; rozm. przepr. Magdalena Michalska.
=336  \\$aTekst$btxt$2rdacontent
=337  \\$aBez urządzenia pośredniczącego$bn$2rdamedia
=338  \\$aWolumin$bnc$2rdacarrier
=380  \\$aArtykuły
=520  8\$aFinalistka kokursu o Nagrodę Literacką NIKE 2002.
=600  17$aTokarczuk, Olga$d(1962- )$2DBN
=650  \7$aLiteratura polska$xhistoria$yod 1989 r.$2DBN
=700  1\$aMichalska, Magdalena$c(dziennikarka)
=773  0\$iW:$tGazeta Wyborcza (Wyd. zasadnicze).$x0860-908X.$g2002, nr 220, s. 16-17$w(PL)b0000001301576
=909  \\$ab0000045424093
=915  \\$aPrasa 2002/7399
=916  \\$aTokarczuk, Olga   (1962- )
=918  1\$aMichalska, Magdalena$c(dziennikarka)
=980  \\$aArtykuły
=996  \\$a.b45424093$9local$z48OMNIS_NLOP
=998  \\$ao$9local$z48OMNIS_NLOP
=999  \\$abzcz$bms$bjb$bdm$bkonw. 22/05/12(30139)$x09$y2002
  
