=LDR  01295naa a2200373 i 4500
=001  b0000004553562
=005  20221015174923.6
=008  010928s2001    pl           |000 0 pol  
=009  9910709527805606
=015  \\$aPrasa 2001/35159
=035  \\$a(PL-WaBN)b45535620-48omnis_nlop
=035  \\$ab45535620
=035  \\$a(OCoLC)998231063
=040  \\$aWA N$cWA N$dWA N
=100  1\$aTatarkiewicz, Anna$d(1921-2019)
=245  10$a[Lalka i perła - recenzja] /$cAnna Tatarkiewicz.
=336  \\$aTekst$btxt$2rdacontent
=337  \\$aBez urządzenia pośredniczącego$bn$2rdamedia
=338  \\$aWolumin$bnc$2rdacarrier
=380  \\$aArtykuły
=520  8\$aZawiera rec. książki: Lalka i perła / Olga Tokarczuk. - Kraków, 2001.
=600  17$aTokarczuk, Olga$d(1962- ).$tLalka i perła$2DBN
=655  \7$aRecenzja$2DBN
=773  0\$iW:$tRzeczpospolita (Wyd. zasadnicze).$x0208-9130.$g2001, nr 154, s. E3$w(PL)b0000001472831
=909  \\$ab0000045535620
=915  \\$aPrasa 2001/35159
=916  \\$aTatarkiewicz, Anna   (1921-2019)
=955  \7$aRecenzja$2DBN
=980  \\$aArtykuły
=996  \\$a.b45535620$9local$z48OMNIS_NLOP
=998  \\$ao$9local$z48OMNIS_NLOP
=999  \\$abzcz$bjt$bag$bjkr$bkonw. 22/05/12(41369)$x07$y2001
  
