=LDR  01336naa a2200385 i 4500
=001  b0000004568490
=005  20221014143459.1
=008  990219s1999    pl           |000 0 pol  
=009  9910128009005606
=015  \\$aPrasa 1999/3496
=035  \\$a991024543059705066
=035  \\$a(PL-WaBN)b4568490x-48omnis_nlop
=035  \\$ab4568490x
=035  \\$a(OCoLC)1008672888
=040  \\$aWA N$cWA N
=100  1\$aZaleski, Marek$d(1950-2021)
=245  10$a[Dom dzienny, dom nocny - recenzja] /$cMarek Zaleski.
=336  \\$aTekst$btxt$2rdacontent
=337  \\$aBez urządzenia pośredniczącego$bn$2rdamedia
=338  \\$aWolumin$bnc$2rdacarrier
=380  \\$aArtykuły
=520  8\$aZawiera rec. książki: Dom dzienny, dom nocny / Olga Tokarczuk. - Wałbrzych, 1998.
=600  17$aTokarczuk, Olga$d(1962- ).$tDom dzienny, dom nocny$2DBN
=655  \7$aRecenzja$2DBN
=773  0\$iW:$tGazeta Wyborcza (Wyd. zasadnicze).$x0860-908X.$g1999, nr 11, s. 11$w(PL)b0000001301576
=909  \\$ab000004568490x
=915  \\$aPrasa 1999/3496
=916  \\$aZaleski, Marek   (1950-2021)
=955  \7$aRecenzja$2DBN
=980  \\$aArtykuły
=996  \\$a.b4568490x$9local$z48OMNIS_NLOP
=998  \\$ao$9local$z48OMNIS_NLOP
=999  \\$abzcz$bhm$bag$bjkr$bkonw. 22/05/12(56397)$x01$y99
  
