=LDR  01259naa a2200373 i 4500
=001  b0000004569709
=005  20221014143459.1
=008  991130s1999    pl           |000 0 pol  
=009  9910041558405606
=015  \\$aPrasa 1999/39318
=035  \\$a991024590609705066
=035  \\$a(PL-WaBN)b45697097-48omnis_nlop
=035  \\$ab45697097
=035  \\$a(OCoLC)1008678012
=040  \\$aWA N$cWA N
=100  1\$aTokarczuk, Olga$d(1962- )
=245  10$aRobię porządki w rzeczywistości /$cOlga Tokarczuk ; rozm. przepr. Michał Cichy.
=336  \\$aTekst$btxt$2rdacontent
=337  \\$aBez urządzenia pośredniczącego$bn$2rdamedia
=338  \\$aWolumin$bnc$2rdacarrier
=380  \\$aArtykuły
=600  17$aTokarczuk, Olga$d(1962- )$2DBN
=700  1\$aCichy, Michał$eRozm. przepr.
=773  0\$iW:$tGazeta Wyborcza (Wyd. zasadnicze).$x0860-908X.$g1999, nr 231, s. 27-28$w(PL)b0000001301576
=909  \\$ab0000045697097
=915  \\$aPrasa 1999/39318
=916  \\$aTokarczuk, Olga   (1962- )
=918  1\$aCichy, Michał
=980  \\$aArtykuły
=996  \\$a.b45697097$9local$z48OMNIS_NLOP
=998  \\$ao$9local$z48OMNIS_NLOP
=999  \\$abzcz$bjv$bag$bjkr$bkonw. 22/05/12(57628)$x10$y99
  
