=LDR  01401naa a2200385 i 4500
=001  b0000004570316
=005  20221014143443.3
=008  991001s1999    pl           |000 0 pol  
=009  9910070302205606
=015  \\$aPrasa 1999/29112
=035  \\$a991024614319705066
=035  \\$a(PL-WaBN)b45703164-48omnis_nlop
=035  \\$ab45703164
=035  \\$a(OCoLC)1008680689
=040  \\$aWA N$cWA N
=100  1\$aKorkozowicz, Jerzy$d(1919-2003)
=245  10$a[Dom dzienny, dom nocny - recenzja] /$cJerzy Korkozowicz.
=336  \\$aTekst$btxt$2rdacontent
=337  \\$aBez urządzenia pośredniczącego$bn$2rdamedia
=338  \\$aWolumin$bnc$2rdacarrier
=380  \\$aArtykuły
=520  8\$aZawiera rec. książki: Dom dzienny, dom nocny / Olga Tokarczuk. - Wałbrzych, 1998.
=600  17$aTokarczuk, Olga$d(1962- ).$tDom dzienny, dom nocny$2DBN
=655  \7$aRecenzja$2DBN
=773  0\$iW:$tGłos Nauczycielski : organ Zrzeszenia Nauczycielstwa Polskich Szkół Początkowych.$x0017-1263.$g1999, nr 29, s. 10$w(PL)b0000001533994
=909  \\$ab0000045703164
=915  \\$aPrasa 1999/29112
=916  \\$aKorkozowicz, Jerzy   (1919-2003)
=955  \7$aRecenzja$2DBN
=980  \\$aArtykuły
=996  \\$a.b45703164$9local$z48OMNIS_NLOP
=998  \\$ao$9local$z48OMNIS_NLOP
=999  \\$abzcz$bhm$bjb$bjkr$bkonw. 22/05/12(58238)$x07$y99
  
