=LDR  01390naa a2200397 i 4500
=001  b0000004571358
=005  20221015174923.6
=008  990528s1999    pl           |000 0 pol  
=009  9910408169905606
=015  \\$aPrasa 1999/15297
=035  \\$a991024654789705066
=035  \\$a(PL-WaBN)b45713583-48omnis_nlop
=035  \\$ab45713583
=035  \\$a(OCoLC)1008685052
=040  \\$aWA N$cWA N
=100  1\$aTokarczuk, Olga$d(1962- )
=245  10$aZmarszczki świata /$cOlga Tokarczuk ; rozm. przepr. Jarosław Klejnocki, Jerzy Sosnowski.
=336  \\$aTekst$btxt$2rdacontent
=337  \\$aBez urządzenia pośredniczącego$bn$2rdamedia
=338  \\$aWolumin$bnc$2rdacarrier
=380  \\$aArtykuły
=600  17$aTokarczuk, Olga$d(1962- )$2DBN
=700  1\$aKlejnocki, Jarosław$d(1963- )$eRozm. przepr.
=773  0\$iW:$tPolityka (Warszawa ; 1957).$x0032-3500.$g1999, nr 14, s. 60-61$w(PL)b0000001481990
=909  \\$ab0000045713583
=915  \\$aPrasa 1999/15297
=916  \\$aTokarczuk, Olga   (1962- )
=918  1\$aKlejnocki, Jarosław$d(1963- )
=980  \\$aArtykuły
=996  \\$a.b45713583$9local$z48OMNIS_NLOP
=998  \\$ao$9local$z48OMNIS_NLOP
=999  \\$abzcz$bjv$bko$bak$bkonw. 22/05/12(59286)$x04$y99
  
