=LDR  01107naa a2200349 i 4500
=001  b0000004572007
=005  20221014143511.1
=008  991224s1999    pl           |000 0 pol  
=009  9910355802505606
=015  \\$aPrasa 1999/44303
=035  \\$a991024673839705066
=035  \\$a(PL-WaBN)b45720071-48omnis_nlop
=035  \\$ab45720071
=035  \\$a(OCoLC)1008687720
=040  \\$aWA N$cWA N
=100  1\$aWolny, Maja$d(1976- )
=245  10$aDom Olgi /$cMaja Wolny.
=336  \\$aTekst$btxt$2rdacontent
=337  \\$aBez urządzenia pośredniczącego$bn$2rdamedia
=338  \\$aWolumin$bnc$2rdacarrier
=380  \\$aArtykuły
=600  17$aTokarczuk, Olga$d(1962- )$2DBN
=773  0\$iW:$tPolityka (Warszawa ; 1957).$x0032-3500.$g1999, nr 44, s. 100-105$w(PL)b0000001481990
=909  \\$ab0000045720071
=915  \\$aPrasa 1999/44303
=916  \\$aWolny, Maja   (1976- )
=980  \\$aArtykuły
=996  \\$a.b45720071$9local$z48OMNIS_NLOP
=998  \\$ao$9local$z48OMNIS_NLOP
=999  \\$abzcz$bhm$bko$bak$bkonw. 22/05/12(59935)$x11$y99
  
