=LDR  01343naa a2200385 i 4500
=001  b0000004573677
=005  20221015175035.5
=008  990319s1999    pl           |000 0 pol  
=009  9910390272105606
=015  \\$aPrasa 1999/6871
=035  \\$a991024731899705066
=035  \\$a(PL-WaBN)b45736777-48omnis_nlop
=035  \\$ab45736777
=035  \\$a(OCoLC)1008694153
=040  \\$aWA N$cWA N
=100  1\$aMasłoń, Krzysztof$d(1953- )
=245  10$a[Dom dzienny, dom nocny - recenzja] /$cKrzysztof Masłoń.
=336  \\$aTekst$btxt$2rdacontent
=337  \\$aBez urządzenia pośredniczącego$bn$2rdamedia
=338  \\$aWolumin$bnc$2rdacarrier
=380  \\$aArtykuły
=520  8\$aZawiera rec. książki: Dom dzienny, dom nocny / Olga Tokarczuk. - Wałbrzych, 1998.
=600  17$aTokarczuk, Olga$d(1962- ).$tDom dzienny, dom nocny$2DBN
=655  \7$aRecenzja$2DBN
=773  0\$iW:$tRzeczpospolita (Wyd. zasadnicze).$x0208-9130.$g1999, nr 43, s. 15$w(PL)b0000001472831
=909  \\$ab0000045736777
=915  \\$aPrasa 1999/6871
=916  \\$aMasłoń, Krzysztof   (1953- )
=955  \7$aRecenzja$2DBN
=980  \\$aArtykuły
=996  \\$a.b45736777$9local$z48OMNIS_NLOP
=998  \\$ao$9local$z48OMNIS_NLOP
=999  \\$abzcz$bew$btg$bak$bkonw. 22/05/12(61610)$x02$y99
  
