=LDR  01292naa a2200373 i 4500
=001  b0000004573803
=005  20221015175118.8
=008  990416s1999    pl           |000 0 pol  
=009  9910282820405606
=015  \\$aPrasa 1999/11174
=035  \\$a991024736579705066
=035  \\$a(PL-WaBN)b45738038-48omnis_nlop
=035  \\$ab45738038
=035  \\$a(OCoLC)1008695188
=040  \\$aWA N$cWA N
=100  1\$aTokarczuk, Olga$d(1962- )
=245  10$aŹle się uczyłam historii /$cOlga Tokarczuk ; rozm. przepr. Wojciech Chmielewski.
=336  \\$aTekst$btxt$2rdacontent
=337  \\$aBez urządzenia pośredniczącego$bn$2rdamedia
=338  \\$aWolumin$bnc$2rdacarrier
=380  \\$aArtykuły
=600  17$aTokarczuk, Olga$d(1962- )$2DBN
=700  1\$aChmielewski, Wojciech$d(1969- )$eRozm. przepr.
=773  0\$iW:$tRzeczpospolita (Wyd. zasadnicze).$x0208-9130.$g1999, nr 58, dod. s. 1$w(PL)b0000001472831
=909  \\$ab0000045738038
=915  \\$aPrasa 1999/11174
=916  \\$aTokarczuk, Olga   (1962- )
=918  1\$aChmielewski, Wojciech$d(1969- )
=980  \\$aArtykuły
=996  \\$a.b45738038$9local$z48OMNIS_NLOP
=998  \\$ao$9local$z48OMNIS_NLOP
=999  \\$abzcz$bun$bag$bjkr$bkonw. 22/05/12(61736)$x03$y99
  
