=LDR  01295naa a2200373 i 4500
=001  b0000004575163
=005  20221015174909.2
=008  991130s1999    pl           |000 0 pol  
=009  9910383036405606
=015  \\$aPrasa 1999/39319
=035  \\$a991024786699705066
=035  \\$a(PL-WaBN)b45751638-48omnis_nlop
=035  \\$ab45751638
=035  \\$a(OCoLC)1008700887
=040  \\$aWA N$cWA N
=100  1\$aTokarczuk, Olga$d(1962- )
=245  10$aTyle zła w imię miłości... /$cOlga Tokarczuk ; rozm. przepr. Katarzyna Kubisiowska.
=336  \\$aTekst$btxt$2rdacontent
=337  \\$aBez urządzenia pośredniczącego$bn$2rdamedia
=338  \\$aWolumin$bnc$2rdacarrier
=380  \\$aArtykuły
=600  17$aTokarczuk, Olga$d(1962- )$2DBN
=700  1\$aKubisiowska, Katarzyna$d(1971- )$eRozm. przepr.
=773  0\$iW:$tRzeczpospolita (Wyd. zasadnicze).$x0208-9130.$g1999, nr 249, s. D2$w(PL)b0000001472831
=909  \\$ab0000045751638
=915  \\$aPrasa 1999/39319
=916  \\$aTokarczuk, Olga   (1962- )
=918  1\$aKubisiowska, Katarzyna$d(1971- )
=980  \\$aArtykuły
=996  \\$a.b45751638$9local$z48OMNIS_NLOP
=998  \\$ao$9local$z48OMNIS_NLOP
=999  \\$abzcz$bjv$bew$bjkr$bkonw. 22/05/12(63101)$x10$y99
  
