=LDR  01384naa a2200385 i 4500
=001  b0000004575620
=005  20221014143459.1
=008  990319s1999    pl           |000 0 pol  
=009  9910081065505606
=015  \\$aPrasa 1999/6872
=035  \\$a991024803899705066
=035  \\$a(PL-WaBN)b4575620x-48omnis_nlop
=035  \\$ab4575620x
=035  \\$a(OCoLC)1008702500
=040  \\$aWA N$cWA N
=100  1\$aCzapliński, Przemysław$d(1962- )
=245  10$a[Dom dzienny, dom nocny - recenzja] /$cPrzemysław Czapliński.
=336  \\$aTekst$btxt$2rdacontent
=337  \\$aBez urządzenia pośredniczącego$bn$2rdamedia
=338  \\$aWolumin$bnc$2rdacarrier
=380  \\$aArtykuły
=520  8\$aZawiera rec. książki: Dom dzienny, dom nocny / Olga Tokarczuk. - Wałbrzych, 1998.
=600  17$aTokarczuk, Olga$d(1962- ).$tDom dzienny, dom nocny$2DBN
=655  \7$aRecenzja$2DBN
=773  0\$iW:$tTygodnik Powszechny : katolickie pismo społeczno-kulturalne.$x0041-4808.$g1999, nr 8, s. 8$w(PL)b0000001298071
=909  \\$ab000004575620x
=915  \\$aPrasa 1999/6872
=916  \\$aCzapliński, Przemysław   (1962- )
=955  \7$aRecenzja$2DBN
=980  \\$aArtykuły
=996  \\$a.b4575620x$9local$z48OMNIS_NLOP
=998  \\$ao$9local$z48OMNIS_NLOP
=999  \\$abzcz$bhm$bko$bbw$bkonw. 22/05/12(63560)$x02$y99
  
