=LDR  01374naa a2200385 i 4500
=001  b0000004576914
=005  20221014143542.6
=008  991001s1999    pl           |000 0 pol  
=009  9910128211105606
=015  \\$aPrasa 1999/29111
=035  \\$a991024853299705066
=035  \\$a(PL-WaBN)b4576914x-48omnis_nlop
=035  \\$ab4576914x
=035  \\$a(OCoLC)1008708080
=040  \\$aWA N$cWA N
=100  1\$aEberhardt, Grzegorz$d(1950-2014)
=245  10$a[Dom dzienny, dom nocny - recenzja] /$cGrzegorz Eberhardt.
=336  \\$aTekst$btxt$2rdacontent
=337  \\$aBez urządzenia pośredniczącego$bn$2rdamedia
=338  \\$aWolumin$bnc$2rdacarrier
=380  \\$aArtykuły
=520  8\$aZawiera rec. książki: Dom dzienny, dom nocny / Olga Tokarczuk. - Wałbrzych, 1998.
=600  17$aTokarczuk, Olga$d(1962- ).$tDom dzienny, dom nocny$2DBN
=655  \7$aRecenzja$2DBN
=773  0\$iW:$tTygodnik Solidarność : czasopismo NSZZ Solidarność.$x0208-8045.$g1999, nr 29, s. 18$w(PL)b0000001538571
=909  \\$ab000004576914x
=915  \\$aPrasa 1999/29111
=916  \\$aEberhardt, Grzegorz   (1950-2014)
=955  \7$aRecenzja$2DBN
=980  \\$aArtykuły
=996  \\$a.b4576914x$9local$z48OMNIS_NLOP
=998  \\$ao$9local$z48OMNIS_NLOP
=999  \\$abzcz$bms$btg$bjkr$bkonw. 22/05/12(64870)$x07$y99
  
