=LDR  01172naa a2200361 i 4500
=001  b0000004577401
=005  20221014143511.1
=008  990319s1999    pl           |000 0 pol  
=009  9910124479205606
=015  \\$aPrasa 1999/6858
=035  \\$a991024871869705066
=035  \\$a(PL-WaBN)b45774018-48omnis_nlop
=035  \\$ab45774018
=035  \\$a(OCoLC)1008710337
=040  \\$aWA N$cWA N
=100  1\$aZaworska, Helena$d(1930-2014)
=245  10$aOlga i Manuela /$cHelena Zaworska.
=336  \\$aTekst$btxt$2rdacontent
=337  \\$aBez urządzenia pośredniczącego$bn$2rdamedia
=338  \\$aWolumin$bnc$2rdacarrier
=380  \\$aArtykuły
=600  17$aGretkowska, Manuela$d(1964- )$2DBN
=773  0\$iW:$tWprost (Poznań).$x0209-1747.$g1999, nr 8, s. 110-111$w(PL)b0000001538668
=909  \\$ab0000045774018
=915  \\$aPrasa 1999/6858
=916  \\$aZaworska, Helena   (1930-2014)
=980  \\$aArtykuły
=996  \\$a.b45774018$9local$z48OMNIS_NLOP
=998  \\$ao$9local$z48OMNIS_NLOP
=999  \\$abzcz$bjv$bko$bak$bkonw. 22/05/12(65362)$x02$y99
  
