=LDR  01354naa a2200385 i 4500
=001  b0000004580998
=005  20221015175104.3
=008  981218s1998    pl           |000 0 pol  
=009  9910306700305606
=015  \\$aPrasa 1998/48042
=035  \\$a991025010649705066
=035  \\$a(PL-WaBN)b45809987-48omnis_nlop
=035  \\$ab45809987
=035  \\$a(OCoLC)1008723366
=040  \\$aWA N$cWA N
=100  1\$aKlejnocki, Jarosław$d(1963- )
=245  10$a[Dom dzienny, dom nocny - recenzja] /$cJarosław Klejnocki.
=336  \\$aTekst$btxt$2rdacontent
=337  \\$aBez urządzenia pośredniczącego$bn$2rdamedia
=338  \\$aWolumin$bnc$2rdacarrier
=380  \\$aArtykuły
=520  8\$aZawiera rec. książki: Dom dzienny, dom nocny / Olga Tokarczuk. - Wałbrzych, 1998.
=600  17$aTokarczuk, Olga$d(1962- ).$tDom dzienny, dom nocny$2DBN
=655  \7$aRecenzja$2DBN
=773  0\$iW:$tGazeta Wyborcza (Wyd. zasadnicze).$x0860-908X.$g1998, nr 264, dod. s. 6$w(PL)b0000001301576
=909  \\$ab0000045809987
=915  \\$aPrasa 1998/48042
=916  \\$aKlejnocki, Jarosław   (1963- )
=955  \7$aRecenzja$2DBN
=980  \\$aArtykuły
=996  \\$a.b45809987$9local$z48OMNIS_NLOP
=998  \\$ao$9local$z48OMNIS_NLOP
=999  \\$abzcz$bas$bag$bbw$bkonw. 22/05/12(68971)$x11$y98
  
