=LDR  01278naa a2200385 i 4500
=001  b0000004582810
=005  20221015174909.2
=008  980626s1998    pl           |000 0 pol  
=009  9910266596105606
=015  \\$aPrasa 1998/21867
=035  \\$a991025080619705066
=035  \\$a(PL-WaBN)b45828106-48omnis_nlop
=035  \\$ab45828106
=035  \\$a(OCoLC)1008730744
=040  \\$aWA N$cWA N
=100  1\$aCieślik, Mariusz$d(1971- )
=245  10$a[Szafa - recenzja] /$cMariusz Cieślik.
=336  \\$aTekst$btxt$2rdacontent
=337  \\$aBez urządzenia pośredniczącego$bn$2rdamedia
=338  \\$aWolumin$bnc$2rdacarrier
=380  \\$aArtykuły
=520  8\$aZawiera rec. książki: Szafa / Olga Tokarczuk. - Lublin, 1997.
=600  17$aTokarczuk, Olga$d(1962- ).$tSzafa$2DBN
=655  \7$aRecenzja$2DBN
=773  0\$iW:$tPolityka (Warszawa ; 1957).$x0032-3500.$g1998, nr 18, s. 64$w(PL)b0000001481990
=909  \\$ab0000045828106
=915  \\$aPrasa 1998/21867
=916  \\$aCieślik, Mariusz   (1971- )
=955  \7$aRecenzja$2DBN
=980  \\$aArtykuły
=996  \\$a.b45828106$9local$z48OMNIS_NLOP
=998  \\$ao$9local$z48OMNIS_NLOP
=999  \\$abzcz$bjv$bko$bez$bkonw. 22/05/12(70800)$x05$y98
  
