=LDR  01334naa a2200385 i 4500
=001  b0000004583450
=005  20221014143542.6
=008  990202s1998    pl           |000 0 pol  
=009  9910500108305606
=015  \\$aPrasa 1998/52673
=035  \\$a991025105469705066
=035  \\$a(PL-WaBN)b45834507-48omnis_nlop
=035  \\$ab45834507
=035  \\$a(OCoLC)1008733488
=040  \\$aWA N$cWA N
=100  1\$aCieślik, Mariusz$d(1971- )
=245  10$a[Dom dzienny, dom nocny - recenzja] /$cMariusz Cieślik.
=336  \\$aTekst$btxt$2rdacontent
=337  \\$aBez urządzenia pośredniczącego$bn$2rdamedia
=338  \\$aWolumin$bnc$2rdacarrier
=380  \\$aArtykuły
=520  8\$aZawiera rec. książki: Dom dzienny, dom nocny / Olga Tokarczuk. - Wałbrzych, 1998.
=600  17$aTokarczuk, Olga$d(1962- ).$tDom dzienny, dom nocny$2DBN
=655  \7$aRecenzja$2DBN
=773  0\$iW:$tPolityka (Warszawa ; 1957).$x0032-3500.$g1998, nr 49, s. 51$w(PL)b0000001481990
=909  \\$ab0000045834507
=915  \\$aPrasa 1998/52673
=916  \\$aCieślik, Mariusz   (1971- )
=955  \7$aRecenzja$2DBN
=980  \\$aArtykuły
=996  \\$a.b45834507$9local$z48OMNIS_NLOP
=998  \\$ao$9local$z48OMNIS_NLOP
=999  \\$abzcz$bun$bko$bjkr$bkonw. 22/05/12(71441)$x12$y98
  
