=LDR  01177naa a2200361 i 4500
=001  b0000004593033
=005  20221015175133.2
=008  971129s1997    pl           |000 0 pol  
=009  9910224817505606
=015  \\$aPrasa 1997/42716
=035  \\$a991025478859705066
=035  \\$a(PL-WaBN)b45930338-48omnis_nlop
=035  \\$ab45930338
=035  \\$a(OCoLC)1011303714
=040  \\$aWA N$cWA N
=100  1\$aSosnowski, Jerzy$d(1962- )
=245  10$aBudzik dla duszy /$cJerzy Sosnowski.
=336  \\$aTekst$btxt$2rdacontent
=337  \\$aBez urządzenia pośredniczącego$bn$2rdamedia
=338  \\$aWolumin$bnc$2rdacarrier
=380  \\$aArtykuły
=520  8\$aNagroda Literacka Nike '96.
=600  17$aTokarczuk, Olga$d(1962- )$2DBN
=773  0\$iW:$tGazeta Wyborcza (Wyd. zasadnicze).$x0860-908X.$g1997, nr 235, s. 13$w(PL)b0000001301576
=909  \\$ab0000045930338
=915  \\$aPrasa 1997/42716
=916  \\$aSosnowski, Jerzy   (1962- )
=980  \\$aArtykuły
=996  \\$a.b45930338$9local$z48OMNIS_NLOP
=998  \\$ao$9local$z48OMNIS_NLOP
=999  \\$abzcz$bjv$bag$bbw$bkonw. 22/05/12(81075)$x10$y97
  
