=LDR  01237naa a2200373 i 4500
=001  b0000004594594
=005  20221015174840.4
=008  970228s1997    pl           |000 0 pol  
=009  9910421576105606
=015  \\$aPrasa 1997/3357
=035  \\$a991025540499705066
=035  \\$a(PL-WaBN)b45945949-48omnis_nlop
=035  \\$ab45945949
=035  \\$a(OCoLC)1011315962
=040  \\$aWA N$cWA N
=100  1\$aTokarczuk, Olga$d(1962- )
=245  10$aPodziemne rzeki /$cOlga Tokarczuk ; rozm. przepr. Gabriela Łęcka.
=336  \\$aTekst$btxt$2rdacontent
=337  \\$aBez urządzenia pośredniczącego$bn$2rdamedia
=338  \\$aWolumin$bnc$2rdacarrier
=380  \\$aArtykuły
=600  17$aTokarczuk, Olga$d(1962- )$2DBN
=700  1\$aŁęcka, Gabriela$eRozm. przepr.
=773  0\$iW:$tPolityka (Warszawa ; 1957).$x0032-3500.$g1997, nr 4, s. 46,48$w(PL)b0000001481990
=909  \\$ab0000045945949
=915  \\$aPrasa 1997/3357
=916  \\$aTokarczuk, Olga   (1962- )
=918  1\$aŁęcka, Gabriela
=980  \\$aArtykuły
=996  \\$a.b45945949$9local$z48OMNIS_NLOP
=998  \\$ao$9local$z48OMNIS_NLOP
=999  \\$abzcz$baj$bko$bez$bkonw. 22/05/12(82654)$x01$y97
  
