=LDR  01701naa a2200457 i 4500
=001  b0000004595101
=005  20221015174923.6
=008  970718s1997    pl           |000 0 pol  
=009  9910709386805606
=015  \\$aPrasa 1997/27262
=035  \\$a(PL-WaBN)b45951019-48omnis_nlop
=035  \\$ab45951019
=035  \\$a(OCoLC)995702312
=040  \\$aWA N$cWA N$dWA N
=100  1\$aSieradzki, Jacek$c(teatrolog)
=245  10$a[Prawiek i inne czasy - recenzja] /$cJacek Sieradzki.
=336  \\$aTekst$btxt$2rdacontent
=337  \\$aBez urządzenia pośredniczącego$bn$2rdamedia
=338  \\$aWolumin$bnc$2rdacarrier
=380  \\$aArtykuły
=520  8\$aZawiera rec. przedstawienia: Prawiek i inne czasy / Olga Tokarczuk ; reż. Sebastian Majewski ; Teatr "Wierszalin", Białystok.
=600  17$aMajewski, Sebastian$d(1971- )$2DBN
=610  27$aTeatr Towarzystwa "Wierszalin"$2DBN
=650  \7$aInscenizacja$2DBN
=651  \7$aBiałystok (woj. podlaskie)$xteatr$y1997 r.$2DBN
=655  \7$aRecenzja teatralna$2DBN
=658  \\$aKultura i sztuka
=773  0\$iW:$tPolityka (Warszawa ; 1957).$x0032-3500.$g1997, nr 23, s. 68-69$w(PL)b0000001481990
=909  \\$ab0000045951019
=915  \\$aPrasa 1997/27262
=916  \\$aSieradzki, Jacek  (teatrolog) 
=951  \7$aBiałystok (woj. podlaskie)$xteatr$y1997 r.$2DBN
=955  \7$aRecenzja teatralna$2DBN
=958  \\$aKultura i sztuka
=980  \\$aArtykuły
=996  \\$a.b45951019$9local$z48OMNIS_NLOP
=998  \\$ao$9local$z48OMNIS_NLOP
=999  \\$abzcz$bsp$bag$bew$bkonw. 22/05/12(83163)$x06$y97
  
