=LDR  01280naa a2200385 i 4500
=001  b0000004601989
=005  20221015175133.2
=008  970321s1997    pl           |000 0 pol  
=009  9910361245905606
=015  \\$aPrasa 1997/7833
=035  \\$a991025830509705066
=035  \\$a(PL-WaBN)b46019893-48omnis_nlop
=035  \\$ab46019893
=035  \\$a(OCoLC)1008620059
=040  \\$aWA N$cWA N
=100  1\$aBugajska, Stefania.
=245  10$a[Podróż Ludzi Księgi - recenzja] /$cStefania Bugajska.
=336  \\$aTekst$btxt$2rdacontent
=337  \\$aBez urządzenia pośredniczącego$bn$2rdamedia
=338  \\$aWolumin$bnc$2rdacarrier
=380  \\$aArtykuły
=520  8\$aZawiera rec. książki: Podróż Ludzi Księgi / Olga Tokarczuk. - Warszawa, 1996.
=600  17$aTokarczuk, Olga$d(1962- ).$tPodróż Ludzi Księgi$2DBN
=655  \7$aRecenzja$2DBN
=773  0\$iW:$tWiadomości Kulturalne.$g1997, nr 6, s. 20
=909  \\$ab0000046019893
=915  \\$aPrasa 1997/7833
=916  \\$aBugajska, Stefania.   
=955  \7$aRecenzja$2DBN
=980  \\$aArtykuły
=996  \\$a.b46019893$9local$z48OMNIS_NLOP
=998  \\$ao$9local$z48OMNIS_NLOP
=999  \\$abzcz$bjkr$bag$bbw$bkonw. 22/05/12(90080)$x02$y97
  
