=LDR  01317naa a2200397 i 4500
=001  b0000004601990
=005  20211030064500.8
=008  970321s1997    pl           |000 0 pol  
=009  9910354293305606
=015  \\$aPrasa 1997/7840
=035  \\$a991025830539705066
=035  \\$a(PL-WaBN)b4601990x-48omnis_nlop
=035  \\$ab4601990x
=035  \\$a(OCoLC)1008620060
=040  \\$aWA N$cWA N
=100  1\$aBugajska, Stefania.
=245  10$a[Prawiek i inne czasy - recenzja] /$cStefania Bugajska.
=336  \\$aTekst$btxt$2rdacontent
=337  \\$aBez urządzenia pośredniczącego$bn$2rdamedia
=338  \\$aWolumin$bnc$2rdacarrier
=380  \\$aArtykuły
=520  8\$aZawiera rec. książki: Prawiek i inne czasy / Olga Tokarczuk. - Warszawa, 1996.
=600  17$aTokarczuk, Olga$d(1962- ).$tPrawiek i inne czasy$2DBN
=655  \7$aRecenzja$2DBN
=773  0\$iW:$tWiadomości Kulturalne.$g1997, nr 6, s. 20
=902  \\$a180212$c970321$dm$eb$f-$g0
=909  \\$ab000004601990x
=915  \\$aPrasa 1997/7840
=916  \\$aBugajska, Stefania.   
=955  \7$aRecenzja$2DBN
=980  \\$aArtykuły
=996  \\$a.b4601990x$9local$z48OMNIS_NLOP
=998  \\$ao$9local$z48OMNIS_NLOP
=999  \\$abzcz$bjkr$bag$bbw$bkonw. 22/05/12(90081)$x02$y97
  
