=LDR  01672naa a2200469 i 4500
=001  b0000004602770
=005  20221015174826.1
=008  971003s1997    pl           |000 0 pol  
=009  9910171259505606
=015  \\$aPrasa 1997/33120
=035  \\$a991025860929705066
=035  \\$a(PL-WaBN)b46027701-48omnis_nlop
=035  \\$ab46027701
=035  \\$a(OCoLC)1008623768
=040  \\$aWA N$cWA N
=100  1\$aWinnicka, Bożena
=245  10$a[Prawiek i inne czasy - recenzja] /$cBożenna Winnicka.
=336  \\$aTekst$btxt$2rdacontent
=337  \\$aBez urządzenia pośredniczącego$bn$2rdamedia
=338  \\$aWolumin$bnc$2rdacarrier
=380  \\$aArtykuły
=520  8\$aZawiera rec. przedstawienia: Prawiek i inne czasy / Olga Tokarczuk ; reż. Sebastian Majewski ; Teatr "Wierszalin", Białystok.
=600  17$aMajewski, Sebastian$d(1971- )$2DBN
=610  27$aTeatr Towarzystwa "Wierszalin"$2DBN
=650  \7$aInscenizacja$2DBN
=651  \7$aBiałystok (woj. podlaskie)$xteatr$y1997 r.$2DBN
=655  \7$aRecenzja teatralna$2DBN
=658  \\$aKultura i sztuka
=773  0\$iW:$tWiadomości Kulturalne.$g1997, nr 29, s. 18
=909  \\$ab0000046027701
=915  \\$aPrasa 1997/33120
=916  \\$aWinnicka, Bożena   
=951  \7$aBiałystok (woj. podlaskie)$xteatr$y1997 r.$2DBN
=955  \7$aRecenzja teatralna$2DBN
=958  \\$aKultura i sztuka
=980  \\$aArtykuły
=996  \\$a.b46027701$9local$z48OMNIS_NLOP
=998  \\$ao$9local$z48OMNIS_NLOP
=999  \\$abzcz$bsp$bko$bbw$bkonw. 22/05/12(90865)$x07$y97
  
