=LDR  01340naa a2200385 i 4500
=001  b0000004607647
=005  20221015174811.7
=008  960927s1996    pl           |000 0 pol  
=009  9910365533805606
=015  \\$aPrasa 1996/26079
=035  \\$a991026051369705066
=035  \\$a(PL-WaBN)b46076475-48omnis_nlop
=035  \\$ab46076475
=035  \\$a(OCoLC)1008667879
=040  \\$aWA N$cWA N$dWA N
=100  1\$aTatarkiewicz, Anna$d(1921-2019)
=245  10$a[Prawiek i inne czasy - recenzja] /$cAnna Tatarkiewicz.
=336  \\$aTekst$btxt$2rdacontent
=337  \\$aBez urządzenia pośredniczącego$bn$2rdamedia
=338  \\$aWolumin$bnc$2rdacarrier
=380  \\$aArtykuły
=520  8\$aZawiera rec. książki: Prawiek i inne czasy / Olga Tokarczuk. - Warszawa, 1996.
=600  17$aTokarczuk, Olga$d(1962- ).$tPrawiek i inne czasy$2DBN
=655  \7$aRecenzja$2DBN
=773  0\$iW:$tPolityka (Warszawa ; 1957).$x0032-3500.$g1996, nr 28, s. 48$w(PL)b0000001481990
=909  \\$ab0000046076475
=915  \\$aPrasa 1996/26079
=916  \\$aTatarkiewicz, Anna   (1921-2019)
=955  \7$aRecenzja$2DBN
=980  \\$aArtykuły
=996  \\$a.b46076475$9local$z48OMNIS_NLOP
=998  \\$ao$9local$z48OMNIS_NLOP
=999  \\$abzcz$bmp$bez$bbw$bkonw. 22/05/12(95768)$x07$y96
  
