=LDR  01350naa a2200385 i 4500
=001  b0000004611458
=005  20221014143542.6
=008  960906s1996    pl           |000 0 pol  
=009  9910495110105606
=015  \\$aPrasa 1996/20993
=035  \\$a991026197729705066
=035  \\$a(PL-WaBN)b46114580-48omnis_nlop
=035  \\$ab46114580
=035  \\$a(OCoLC)1008683213
=040  \\$aWA N$cWA N
=100  1\$aMarkiewicz, Jarosław$d(1942-2010)
=245  10$a[Prawiek i inne czasy - recenzja] /$cJarosław Markiewicz.
=336  \\$aTekst$btxt$2rdacontent
=337  \\$aBez urządzenia pośredniczącego$bn$2rdamedia
=338  \\$aWolumin$bnc$2rdacarrier
=380  \\$aArtykuły
=520  8\$aZawiera rec. książki: Prawiek i inne czasy / Olga Tokarczuk. - Warszawa, 1996.
=600  17$aTokarczuk, Olga$d(1962- ).$tPrawiek i inne czasy$2DBN
=655  \7$aRecenzja$2DBN
=773  0\$iW:$tRzeczpospolita (Wyd. zasadnicze).$x0208-9130.$g1996, nr 150, s. 18$w(PL)b0000001472831
=909  \\$ab0000046114580
=915  \\$aPrasa 1996/20993
=916  \\$aMarkiewicz, Jarosław   (1942-2010)
=955  \7$aRecenzja$2DBN
=980  \\$aArtykuły
=996  \\$a.b46114580$9local$z48OMNIS_NLOP
=998  \\$ao$9local$z48OMNIS_NLOP
=999  \\$abzcz$bmp$bko$bez$bkonw. 22/05/12(99593)$x06$y96
  
