=LDR  01172naa a2200349 i 4500
=001  b0000004613731
=005  20221015174826.1
=008  970110s1996    pl           |000 0 pol  
=009  9910287680605606
=015  \\$aPrasa 1996/41750
=035  \\$a991026286229705066
=035  \\$a(PL-WaBN)b46137312-48omnis_nlop
=035  \\$ab46137312
=035  \\$a(OCoLC)1008692524
=040  \\$aWA N$cWA N
=100  1\$aTokarczuk, Olga$d(1962- )
=245  10$aŚwiat z odwrotnej strony /$cOlga Tokarczuk.
=336  \\$aTekst$btxt$2rdacontent
=337  \\$aBez urządzenia pośredniczącego$bn$2rdamedia
=338  \\$aWolumin$bnc$2rdacarrier
=380  \\$aArtykuły
=600  17$aTokarczuk, Olga$d(1962- )$2DBN
=773  0\$iW:$tTygodnik Powszechny : katolickie pismo społeczno-kulturalne.$x0041-4808.$g1996, nr 46, dod. s. II$w(PL)b0000001298071
=909  \\$ab0000046137312
=915  \\$aPrasa 1996/41750
=916  \\$aTokarczuk, Olga   (1962- )
=980  \\$aArtykuły
=996  \\$a.b46137312$9local$z48OMNIS_NLOP
=998  \\$ao$9local$z48OMNIS_NLOP
=999  \\$abzcz$bjkr$bag$bbw$bkonw. 22/05/12(101882)$x11$y96
  
