=LDR  01187naa a2200373 i 4500
=001  b0000004615114
=005  20221015175021.1
=008  960906s1996    pl           |000 0 pol  
=009  9910203585705606
=015  \\$aPrasa 1996/20946
=035  \\$a991026340119705066
=035  \\$a(PL-WaBN)b4615114x-48omnis_nlop
=035  \\$ab4615114x
=035  \\$a(OCoLC)1008697887
=040  \\$aWA N$cWA N
=100  1\$aOramus, Dominika$d(1972- )
=245  10$aCzas Tokarczuk /$cDominika Materska, Ewa Popiołek.
=336  \\$aTekst$btxt$2rdacontent
=337  \\$aBez urządzenia pośredniczącego$bn$2rdamedia
=338  \\$aWolumin$bnc$2rdacarrier
=380  \\$aArtykuły
=600  17$aTokarczuk, Olga$d(1962- )$2DBN
=700  1\$aPopiołek, Ewa$d(1972- )
=773  0\$iW:$tWiadomości Kulturalne.$g1996, nr 26, s. 12
=909  \\$ab000004615114x
=915  \\$aPrasa 1996/20946
=916  \\$aOramus, Dominika   (1972- )
=918  1\$aPopiołek, Ewa$d(1972- )
=980  \\$aArtykuły
=996  \\$a.b4615114x$9local$z48OMNIS_NLOP
=998  \\$ao$9local$z48OMNIS_NLOP
=999  \\$abzcz$bsp$bko$bbw$bkonw. 22/05/12(103275)$x06$y96
  
