=LDR  01430naa a2200421 i 4500
=001  b0000004654185
=005  20221015175104.3
=008  050114s2006    pl           |000 0 pol  
=009  9910434000905606
=015  \\$aPrasa 2006/09/12
=035  \\$a991027877469705066
=035  \\$a(PL-WaBN)b46541858-48omnis_nlop
=035  \\$ab46541858
=035  \\$a(OCoLC)998825546
=040  \\$aWA N$cWA N
=041  0\$apol
=100  1\$aCzapliński, Przemysław$d(1962- )
=245  10$aCyberpunk sumeryjski /$cPrzemysław Czapliński.
=260  \\$c12 IX 2006.
=336  \\$aTekst$btxt$2rdacontent
=337  \\$aBez urządzenia pośredniczącego$bn$2rdamedia
=338  \\$aWolumin$bnc$2rdacarrier
=380  \\$aArtykuły
=520  8\$aZawiera rec. książki: Anna In w grobowcach świata / Olga Tokarczuk. - Kraków, 2006.
=600  17$aTokarczuk, Olga$d(1962- ).$tAnna In w grobowcach świata$2DBN
=655  \7$aRecenzja$2DBN
=740  0\$aAnna In w grobowcach świata - recenzja
=773  0\$iW:$tGazeta Wyborcza (Wyd. zasadnicze).$x0860-908X.$g2006, nr 213, s. 14$w(PL)b0000001301576
=909  \\$ab0000046541858
=915  \\$aPrasa 2006/09/12
=916  \\$aCzapliński, Przemysław   (1962- )
=955  \7$aRecenzja$2DBN
=980  \\$aArtykuły
=996  \\$a.b46541858$9local$z48OMNIS_NLOP
=998  \\$ao$9local$z48OMNIS_NLOP
=999  \\$abzczp$bjv$bag$bjkr
  
