=LDR  01416naa a2200445 i 4500
=001  b0000004654674
=005  20221014143614.2
=008  060918s2006    pl           |000 0 pol  
=009  9910035637805606
=015  \\$aPrasa 2006/09/18
=035  \\$a991027896879705066
=035  \\$a(PL-WaBN)b46546741-48omnis_nlop
=035  \\$ab46546741
=035  \\$a(OCoLC)995631491
=040  \\$aGD W$cGD W
=041  0\$apol
=100  1\$aSobolewska, Justyna$d(1972- )
=245  10$aPotrzeba bogini /$cJustyna Sobolewska.
=260  \\$c18 IX 2006.
=336  \\$aTekst$btxt$2rdacontent
=337  \\$aBez urządzenia pośredniczącego$bn$2rdamedia
=338  \\$aWolumin$bnc$2rdacarrier
=380  \\$aArtykuły
=520  8\$aZawiera rec. książki: Anna In w grobowcach świata / Olga Tokarczuk. - Kraków, 2006.
=600  17$aTokarczuk, Olga$d(1962- ).$tAnna In w grobowcach świata$2DBN
=655  \7$aRecenzja$2DBN
=740  0\$aAnna In w grobowcach świata - recenzja
=773  0\$iW:$tPrzekrój.$x0033-2488.$g2006, nr 36, s. 64$w(PL)b0000001481855
=909  \\$ab0000046546741
=915  \\$aPrasa 2006/09/18
=916  \\$aSobolewska, Justyna   (1972- )
=955  \7$aRecenzja$2DBN
=980  \\$aArtykuły
=996  \\$a.b46546741
=998  \\$ao
=999  \\$aDBN01$ckor
  
