=LDR  01439naa a2200421 i 4500
=001  b0000004656874
=005  20221014143459.1
=008  061009s2006    pl           |000 0 pol  
=009  9910033235805606
=015  \\$aPrasa 2006/10/09
=035  \\$a991027983129705066
=035  \\$a(PL-WaBN)b46568748-48omnis_nlop
=035  \\$ab46568748
=035  \\$a(OCoLC)995637538
=040  \\$aWA N$cWA N
=041  0\$apol
=100  1\$aTokarczuk, Olga$d(1962- )
=245  10$aŚpiew o zaginionej bogini /$cOlga Tokarczuk ; rozm. przepr. Katarzyna Kubisiowska.
=260  \\$c09 X 2006.
=336  \\$aTekst$btxt$2rdacontent
=337  \\$aBez urządzenia pośredniczącego$bn$2rdamedia
=338  \\$aWolumin$bnc$2rdacarrier
=380  \\$aArtykuły
=520  8\$aO książce "Anna In w grobowcach świata".
=600  17$aTokarczuk, Olga$d(1962- ).$tAnna In w grobowcach świata$2DBN
=650  \7$aPowieść polska$xhistoria$y21 w.$2DBN
=700  1\$aKubisiowska, Katarzyna$d(1971- )
=773  0\$iW:$tRzeczpospolita (Wyd. zasadnicze).$x0208-9130.$g2006, nr 235, s. A16$w(PL)b0000001472831
=909  \\$ab0000046568748
=915  \\$aPrasa 2006/10/09
=916  \\$aTokarczuk, Olga   (1962- )
=918  1\$aKubisiowska, Katarzyna$d(1971- )
=980  \\$aArtykuły
=996  \\$a.b46568748$9local$z48OMNIS_NLOP
=998  \\$ao$9local$z48OMNIS_NLOP
=999  \\$abzczp$bmw$bgj$bjkr
  
