=LDR  01467naa a2200433 i 4500
=001  b0000004657327
=005  20221015174952.3
=008  100426s2006    pl           |000 0 pol  
=009  9910481931305606
=015  \\$aPrasa 2006/09/22
=035  \\$a991028000979705066
=035  \\$a(PL-WaBN)b46573276-48omnis_nlop
=035  \\$ab46573276
=035  \\$a(OCoLC)995638879
=040  \\$aKR M$cKR M
=041  0\$apol
=100  1\$aNowacki, Dariusz
=245  10$aStawka większa niż mit :$bsceptycznie o nowej książce Olgi Tokarczuk /$cDariusz Nowacki.
=260  \\$c22 IX 2006.
=336  \\$aTekst$btxt$2rdacontent
=337  \\$aBez urządzenia pośredniczącego$bn$2rdamedia
=338  \\$aWolumin$bnc$2rdacarrier
=380  \\$aArtykuły
=520  8\$aZawiera rec. książki: Anna In w grobowcach świata / Olga Tokarczuk. - Kraków, 2006.
=600  17$aTokarczuk, Olga$d(1962- ).$tAnna In w grobowcach świata$2DBN
=655  \7$aRecenzja$2DBN
=740  0\$aAnna In w grobowcach świata - recenzja
=773  0\$iW:$tTygodnik Powszechny : katolickie pismo społeczno-kulturalne.$x0041-4808.$g2006, nr 39, s. 23$w(PL)b0000001298071
=909  \\$ab0000046573276
=915  \\$aPrasa 2006/09/22
=916  \\$aNowacki, Dariusz   
=955  \7$aRecenzja$2DBN
=980  \\$aArtykuły
=996  \\$a.b46573276
=998  \\$ao
=999  \\$aDBN01$ckor
  
