=LDR  01480naa a2200457 i 4500
=001  b0000004657357
=005  20221015175050.0
=008  100426s2006    pl           |000 0 pol  
=009  9910426615805606
=015  \\$aPrasa 2006/09/22
=035  \\$a991028002069705066
=035  \\$a(PL-WaBN)b46573574-48omnis_nlop
=035  \\$ab46573574
=035  \\$a(OCoLC)995639300
=040  \\$aKR M$cKR M
=041  0\$apol
=100  1\$aBarabasz, Magdalena
=245  10$aŚmierć jeszcze raz inaczej /$cMagdalena Barabasz.
=260  \\$c22 IX 2006.
=336  \\$aTekst$btxt$2rdacontent
=337  \\$aBez urządzenia pośredniczącego$bn$2rdamedia
=338  \\$aWolumin$bnc$2rdacarrier
=380  \\$aArtykuły
=520  8\$aZawiera rec. książki: Anna In w grobowcach świata / Olga Tokarczuk . - Kraków, 2006.
=600  17$aTokarczuk, Olga$d(1962- ).$tAnna In w grobowcach świata$2DBN
=655  \7$aRecenzja$2DBN
=740  0\$aAnna In w grobowcach świata - recenzja
=773  0\$iW:$tGazeta Wyborcza (Kraków).$g2006, nr 219, s. 6$w(PL)b0000001296234
=909  \\$ab0000046573574
=915  \\$aPrasa 2006/09/22
=916  \\$aBarabasz, Magdalena   
=955  \7$aRecenzja$2DBN
=980  \\$aArtykuły
=996  \\$a.b46573574
=998  \\$ao
=999  \\$aDBN01$ckor
=999  \\$aKR M$bjp
  
