=LDR  01511naa a2200445 i 4500
=001  b0000004676531
=005  20221015175035.5
=008  070604s2007    pl           |000 0 pol  
=009  9910196435605606
=015  \\$aPrasa 2007/06/04
=035  \\$a991028753749705066
=035  \\$a(PL-WaBN)b46765311-48omnis_nlop
=035  \\$ab46765311
=035  \\$a(OCoLC)995702440
=040  \\$aWA N$cWA N
=041  0\$apol
=100  1\$aTokarczuk, Olga$d(1962- )
=245  10$aPodróże stateczne i niestateczne /$cOlga Tokarczuk ; rozm. przepr. Katarzyna Janowska, Piotr Mucharski.
=260  \\$c04 VI 2007.
=336  \\$aTekst$btxt$2rdacontent
=337  \\$aBez urządzenia pośredniczącego$bn$2rdamedia
=338  \\$aWolumin$bnc$2rdacarrier
=380  \\$aArtykuły
=600  17$aTokarczuk, Olga$d(1962- )$2DBN
=650  \7$aPodróżnictwo$zPolska$yod 1989 r.$2DBN
=700  1\$aJanowska, Katarzyna$d(1966- )
=773  0\$iW:$tGazeta Wyborcza (Wyd. zasadnicze).$x0860-908X.$g2007, nr 128, s. 20-21$w(PL)b0000001301576
=909  \\$ab0000046765311
=915  \\$aPrasa 2007/06/04
=916  \\$aTokarczuk, Olga   (1962- )
=918  1\$aJanowska, Katarzyna$d(1966- )
=980  \\$aArtykuły
=996  \\$a.b46765311$9local$z48OMNIS_NLOP
=998  \\$ao$9local$z48OMNIS_NLOP
=999  \\$abzczp$bws$bgj$bjkr
  
