=LDR  01387naa a2200421 i 4500
=001  b0000004680966
=005  20221014143443.3
=008  060102s2007    pl           |000 0 pol  
=009  9910375157505606
=015  \\$aPrasa 2007/08/10
=035  \\$a991028928799705066
=035  \\$a(PL-WaBN)b46809661-48omnis_nlop
=035  \\$ab46809661
=035  \\$a(OCoLC)995715554
=040  \\$aWA M$cWA M
=041  0\$apol
=100  1\$aBrudnicki, Jan Zdzisław$d(1936- )
=245  10$aDwie połówki naszej całości /$cJan Zdzisław Brudnicki.
=260  \\$c10 VIII 2007.
=336  \\$aTekst$btxt$2rdacontent
=337  \\$aBez urządzenia pośredniczącego$bn$2rdamedia
=338  \\$aWolumin$bnc$2rdacarrier
=380  \\$aArtykuły
=520  8\$aZwiera rec. książki: Gra na wielu bębenkach / Olga Tokarczuk. - Kraków, 2007.
=600  17$aTokarczuk, Olga$d(1962- ).$tGra na wielu bębenkach$2DBN
=655  \7$aRecenzja literacka$2DBN
=773  0\$iW:$tTrybuna (Wyd. zasadnicze).$x0867-0536.$g2007, nr 186, s. 11-12$w(PL)b0000001609839
=909  \\$ab0000046809661
=915  \\$aPrasa 2007/08/10
=916  \\$aBrudnicki, Jan Zdzisław   (1936- )
=955  \7$aRecenzja literacka$2DBN
=980  \\$aArtykuły
=996  \\$a.b46809661
=998  \\$ao
=999  \\$aDBN01$ckor
  
