=LDR  01392naa a2200421 i 4500
=001  b0000004684714
=005  20221015174811.7
=008  071008s2007    pl           |000 0 pol  
=009  9910168479905606
=015  \\$aPrasa 2007/10/08
=035  \\$a991029077199705066
=035  \\$a(PL-WaBN)b46847145-48omnis_nlop
=035  \\$ab46847145
=035  \\$a(OCoLC)995728473
=040  \\$aWA N$cWA N
=041  0\$apol
=100  1\$aBidakowski, Zbigniew
=245  10$aIch Troje :$bpolska literatura rozpoznana aż nadto /$cZbigniew Bidakowski.
=260  \\$c08 X 2007.
=336  \\$aTekst$btxt$2rdacontent
=337  \\$aBez urządzenia pośredniczącego$bn$2rdamedia
=338  \\$aWolumin$bnc$2rdacarrier
=380  \\$aArtykuły
=600  17$aChwin, Stefan$d(1949- )$2DBN
=600  17$aHuelle, Paweł$d(1957- )$2DBN
=655  \7$aLiteratura polska$xhistoria$yod 1989 r.$2DBN
=773  0\$iW:$tRzeczpospolita (Wyd. zasadnicze).$x0208-9130.$g2007, nr 234, s. A17$w(PL)b0000001472831
=909  \\$ab0000046847145
=915  \\$aPrasa 2007/10/08
=916  \\$aBidakowski, Zbigniew   
=955  \7$aLiteratura polska$xhistoria$yod 1989 r.$2DBN
=980  \\$aArtykuły
=996  \\$a.b46847145$9local$z48OMNIS_NLOP
=998  \\$ao$9local$z48OMNIS_NLOP
=999  \\$abzczp$bmw$bag$bjkr
  
