=LDR  01386naa a2200445 i 4500
=001  b0000004685085
=005  20211030063941.3
=008  071010s2007    pl           |000 0 pol  
=009  9910499732505606
=015  \\$aPrasa 2007/10/10
=035  \\$a991029091589705066
=035  \\$a(PL-WaBN)b46850855-48omnis_nlop
=035  \\$ab46850855
=035  \\$a(OCoLC)995730217
=040  \\$aLUBL M$cLUBL M
=041  0\$apol
=100  1\$aTomczok, Marta$d(1980- )
=245  10$aPodróżuję, więc jestem /$cMarta Cuber.
=260  \\$c10 X 2007.
=336  \\$aTekst$btxt$2rdacontent
=337  \\$aBez urządzenia pośredniczącego$bn$2rdamedia
=338  \\$aWolumin$bnc$2rdacarrier
=380  \\$aArtykuły
=520  8\$aZawiera rec. książki: Bieguni / Olga Tokarczuk. - Kraków, 2007.
=600  17$aTokarczuk, Olga$d(1962- ).$tBieguni$2DBN
=655  \7$aRecenzja$2DBN
=740  0\$aBieguni - recenzja
=773  0\$iW:$tPolityka (Warszawa ; 1957).$x0032-3500.$g2007, nr 41, s. 104-105$w(PL)b0000001481990
=902  \\$a171228$c071010$dm$eb$f-$g0
=909  \\$ab0000046850855
=915  \\$aPrasa 2007/10/10
=916  \\$aTomczok, Marta   (1980- )
=955  \7$aRecenzja$2DBN
=980  \\$aArtykuły
=996  \\$a.b46850855
=998  \\$ao
=999  \\$aDBN01$ckor
  
