=LDR  01351naa a2200421 i 4500
=001  b0000004685298
=005  20221015174855.0
=008  071010s2007    pl           |000 0 pol  
=009  9910327126205606
=015  \\$aPrasa 2007/10/16
=035  \\$a991029100139705066
=035  \\$a(PL-WaBN)b46852980-48omnis_nlop
=035  \\$ab46852980
=035  \\$a(OCoLC)995730868
=040  \\$aWA N$cWA N$dPNN
=041  0\$apol
=100  1\$aFranaszek, Andrzej$d(1971- )
=245  10$aWezwanie niepokoju /$cAndrzej Franaszek.
=260  \\$c16 X 2007.
=336  \\$aTekst$btxt$2rdacontent
=337  \\$aBez urządzenia pośredniczącego$bn$2rdamedia
=338  \\$aWolumin$bnc$2rdacarrier
=380  \\$aArtykuły
=520  8\$aZawiera rec. książki: Bieguni / Olga Tokarczuk. - Kraków, 2007.
=600  17$aTokarczuk, Olga$d(1962- ).$tBieguni$2DBN
=655  \7$aRecenzja$2DBN
=740  0\$aBieguni - recenzja
=773  0\$iW:$tGazeta Wyborcza (Wyd. zasadnicze).$x0860-908X.$g2007, nr 242, s. 14$w(PL)b0000001301576
=909  \\$ab0000046852980
=915  \\$aPrasa 2007/10/16
=916  \\$aFranaszek, Andrzej   (1971- )
=955  \7$aRecenzja$2DBN
=980  \\$aArtykuły
=996  \\$a.b46852980$9local$z48OMNIS_NLOP
=998  \\$ao$9local$z48OMNIS_NLOP
=999  \\$abzczp$bjv$bag$bjkr
  
