=LDR  01349naa a2200445 i 4500
=001  b0000004685974
=005  20221015174909.2
=008  071025s2007    pl           |000 0 pol  
=009  9910240247305606
=015  \\$aPrasa 2007/10/25
=035  \\$a991029126909705066
=035  \\$a(PL-WaBN)b46859743-48omnis_nlop
=035  \\$ab46859743
=035  \\$a(OCoLC)995733113
=040  \\$aGD W$cGD W
=041  0\$apol
=100  1\$aSobolewska, Justyna$d(1972- )
=245  10$aMit nomadów /$cJustyna Sobolewska.
=260  \\$c25 X 2007.
=336  \\$aTekst$btxt$2rdacontent
=337  \\$aBez urządzenia pośredniczącego$bn$2rdamedia
=338  \\$aWolumin$bnc$2rdacarrier
=380  \\$aArtykuły
=520  8\$aZawiera rec. książki: Bieguni / Olga Tokarczuk. - Kraków, 2007.
=600  17$aTokarczuk, Olga$d(1962- ).$tBieguni$2DBN
=655  \7$aRecenzja$2DBN
=740  0\$aBieguni - recenzja
=773  0\$iW:$tPrzekrój.$x0033-2488.$g2007, nr 41, s. 68$w(PL)b0000001481855
=909  \\$ab0000046859743
=915  \\$aPrasa 2007/10/25
=916  \\$aSobolewska, Justyna   (1972- )
=955  \7$aRecenzja$2DBN
=980  \\$aArtykuły
=996  \\$a.b46859743
=998  \\$ao
=999  \\$aDBN01$ckor
  
