=LDR  01481naa a2200457 i 4500
=001  b0000004685980
=005  20211030064500.8
=008  100426s2007    pl           |000 0 pol  
=009  9910086592005606
=015  \\$aPrasa 2007/10/12
=035  \\$a991029127129705066
=035  \\$a(PL-WaBN)b46859809-48omnis_nlop
=035  \\$ab46859809
=035  \\$a(OCoLC)995732527
=040  \\$aKR M$cKR M
=041  0\$apol
=100  1\$aNowacki, Dariusz
=245  10$aPodróżowanie jest koniecznością :$bOlga Tokarczuk - powrót do formy /$cDariusz Nowacki.
=260  \\$c12 X 2007.
=336  \\$aTekst$btxt$2rdacontent
=337  \\$aBez urządzenia pośredniczącego$bn$2rdamedia
=338  \\$aWolumin$bnc$2rdacarrier
=380  \\$aArtykuły
=520  8\$aZawiera rec. książki: Bieguni / Olga Tokarczuk. - Kraków, 2007.
=600  17$aTokarczuk, Olga$d(1962- ).$tBieguni$2DBN
=655  \7$aRecenzja$2DBN
=740  0\$aBieguni - recenzja
=773  0\$iW:$tTygodnik Powszechny : katolickie pismo społeczno-kulturalne.$x0041-4808.$g2007, nr 41, s. 20$w(PL)b0000001298071
=902  \\$a171228$c100426$dm$eb$f-$g0
=909  \\$ab0000046859809
=915  \\$aPrasa 2007/10/12
=916  \\$aNowacki, Dariusz   
=955  \7$aRecenzja$2DBN
=980  \\$aArtykuły
=996  \\$a.b46859809
=998  \\$ao
=999  \\$aDBN01$ckor
  
