=LDR  01358naa a2200433 i 4500
=001  b0000004686025
=005  20221015174855.0
=008  060925s2007    pl           |000 0 pol  
=009  9910291813205606
=015  \\$aPrasa 2007/10/12
=035  \\$a991029129039705066
=035  \\$a(PL-WaBN)b46860253-48omnis_nlop
=035  \\$ab46860253
=035  \\$a(OCoLC)995733081
=040  \\$aKR M$cKR M
=041  0\$apol
=100  1\$aNiemczyńska, Małgorzata I.$d(1982- )
=245  10$aWszystkie świata strony /$cMałgorzata I. Niemczyńska.
=260  \\$c12 X 2007.
=336  \\$aTekst$btxt$2rdacontent
=337  \\$aBez urządzenia pośredniczącego$bn$2rdamedia
=338  \\$aWolumin$bnc$2rdacarrier
=380  \\$aArtykuły
=520  8\$aZawiera rec. książki: Bieguni / Olga Tokarczuk. - Kraków, 2007.
=600  17$aTokarczuk, Olga$d(1962- ).$tBieguni$2DBN
=655  \7$aRecenzja$2DBN
=740  0\$aBieguni - recenzja
=773  0\$iW:$tGazeta Wyborcza (Kraków).$g2007, nr 237, s. 6$w(PL)b0000001296234
=909  \\$ab0000046860253
=915  \\$aPrasa 2007/10/12
=916  \\$aNiemczyńska, Małgorzata I.   (1982- )
=955  \7$aRecenzja$2DBN
=980  \\$aArtykuły
=996  \\$a.b46860253
=998  \\$ao
=999  \\$aDBN01$ckor
  
