=LDR  01338naa a2200421 i 4500
=001  b0000004691157
=005  20221015175050.0
=008  080107s2008    pl           |000 0 pol  
=009  9910167476905606
=015  \\$aPrasa 2008/01/07
=035  \\$a991029329339705066
=035  \\$a(PL-WaBN)b46911571-48omnis_nlop
=035  \\$ab46911571
=035  \\$a(OCoLC)995750095
=040  \\$aWA N$cWA N
=041  0\$apol
=100  1\$aBidakowski, Zbigniew
=245  10$aNerka delfina w formalinie /$cZbignie Bidakowski.
=260  \\$c07 I 2008.
=336  \\$aTekst$btxt$2rdacontent
=337  \\$aBez urządzenia pośredniczącego$bn$2rdamedia
=338  \\$aWolumin$bnc$2rdacarrier
=380  \\$aArtykuły
=520  8\$aZawiera rec. książki: Bieguni / Olga Tokarczuk. - Kraków, 2007.
=600  17$aTokarczuk, Olga$d(1962- ).$tBieguni$2DBN
=655  \7$aRecenzja$2DBN
=740  0\$aBieguni - recenzja
=773  0\$iW:$tRzeczpospolita (Wyd. zasadnicze).$x0208-9130.$g2008, nr 4, s. K7$w(PL)b0000001472831
=909  \\$ab0000046911571
=915  \\$aPrasa 2008/01/07
=916  \\$aBidakowski, Zbigniew   
=955  \7$aRecenzja$2DBN
=980  \\$aArtykuły
=996  \\$a.b46911571$9local$z48OMNIS_NLOP
=998  \\$ao$9local$z48OMNIS_NLOP
=999  \\$abzczp$baw$bag$bjkr
  
