=LDR  01362naa a2200409 i 4500
=001  b0000004709890
=005  20221015175006.7
=008  070604s2008    pl           |000 0 pol  
=009  9910410293105606
=015  \\$aPrasa 2008/09/16
=035  \\$a991030068769705066
=035  \\$a(PL-WaBN)b47098909-48omnis_nlop
=035  \\$ab47098909
=035  \\$a(OCoLC)999036128
=040  \\$aWA N$cWA N
=041  0\$apol
=100  1\$aTokarczuk, Olga$d(1962- )
=245  10$aJestem okiem i uchem /$cOlga Tokarczuk ; rozm. przepr. Agnieszka Wolny-Hamkało.
=260  \\$c16 IX 2008.
=336  \\$aTekst$btxt$2rdacontent
=337  \\$aBez urządzenia pośredniczącego$bn$2rdamedia
=338  \\$aWolumin$bnc$2rdacarrier
=380  \\$aArtykuły
=600  17$aTokarczuk, Olga$d(1962- ).$tBieguni$2DBN
=650  \7$aPowieść polska$xhistoria$y21 w.$2DBN
=700  1\$aWolny-Hamkało, Agnieszka$d(1979- )
=773  0\$iW:$tGazeta Wyborcza (Wyd. zasadnicze).$x0860-908X.$g2008, nr 217, s. 18$w(PL)b0000001301576
=909  \\$ab0000047098909
=915  \\$aPrasa 2008/09/16
=916  \\$aTokarczuk, Olga   (1962- )
=918  1\$aWolny-Hamkało, Agnieszka$d(1979- )
=980  \\$aArtykuły
=996  \\$a.b47098909$9local$z48OMNIS_NLOP
=998  \\$ao$9local$z48OMNIS_NLOP
=999  \\$abzczp$bjv$baw$bjkr
  
