=LDR  01290naa a2200397 i 4500
=001  b0000004711109
=005  20221015174811.7
=008  081006s2008    pl           |000 0 pol  
=009  9910188546905606
=015  \\$aPrasa 2008/10/06
=035  \\$a991030117319705066
=035  \\$a(PL-WaBN)b47111094-48omnis_nlop
=035  \\$ab47111094
=035  \\$a(OCoLC)999051157
=040  \\$aWA N$cWA N
=041  0\$apol
=100  1\$aPawłowski, Roman$d(1965- )
=245  10$aNike dla Olgi Tokarczuk /$cRoman Pawłowwski.
=260  \\$c06 X 2008.
=336  \\$aTekst$btxt$2rdacontent
=337  \\$aBez urządzenia pośredniczącego$bn$2rdamedia
=338  \\$aWolumin$bnc$2rdacarrier
=380  \\$aArtykuły
=600  17$aTokarczuk, Olga$d(1962- ).$tBieguni$2DBN
=650  \7$aNagroda Literacka "Nike"$xlaureaci$y2008 r.$2DBN
=773  0\$iW:$tGazeta Wyborcza (Wyd. zasadnicze).$x0860-908X.$g2008, nr 234, s. 22$w(PL)b0000001301576
=909  \\$ab0000047111094
=915  \\$aPrasa 2008/10/06
=916  \\$aPawłowski, Roman   (1965- )
=980  \\$aArtykuły
=996  \\$a.b47111094$9local$z48OMNIS_NLOP
=998  \\$ao$9local$z48OMNIS_NLOP
=999  \\$abzczp$bws$btg$bmb
  
