=LDR  01493naa a2200445 i 4500
=001  b0000004715777
=005  20211030063747.1
=008  100426s2008    pl           |000 0 pol  
=009  9910493066205606
=015  \\$aPrasa 2008/10/17
=035  \\$a991030302579705066
=035  \\$a(PL-WaBN)b4715777x-48omnis_nlop
=035  \\$ab4715777x
=035  \\$a(OCoLC)999092585
=040  \\$aKR M$cKR M
=041  0\$apol
=100  1\$aTokarczuk, Olga$d(1962- )
=245  10$aWłasny pokój :$bNike 2008 /$cOlga Tokarczuk ; rozm. przepr. Katarzyna Kubisiowska.
=260  \\$c17 X 2008.
=336  \\$aTekst$btxt$2rdacontent
=337  \\$aBez urządzenia pośredniczącego$bn$2rdamedia
=338  \\$aWolumin$bnc$2rdacarrier
=380  \\$aArtykuły
=600  17$aTokarczuk, Olga$d(1962- ).$tBieguni$2DBN
=650  \7$aNagroda Literacka "Nike"$xlaureaci$y2008 r.$2DBN
=700  1\$aKubisiowska, Katarzyna$d(1971- )
=773  0\$iW:$tTygodnik Powszechny : katolickie pismo społeczno-kulturalne.$x0041-4808.$g2008, nr 42, s. 26-27$w(PL)b0000001298071
=902  \\$a180110$c100426$dm$eb$f-$g0
=909  \\$ab000004715777x
=915  \\$aPrasa 2008/10/17
=916  \\$aTokarczuk, Olga   (1962- )
=918  1\$aKubisiowska, Katarzyna$d(1971- )
=980  \\$aArtykuły
=996  \\$a.b4715777x
=998  \\$ao
=999  \\$aDBN01$ckor
  
