=LDR  01363naa a2200445 i 4500
=001  b0000004716038
=005  20221015174811.7
=008  100426s2008    pl           |000 0 pol  
=009  9910190950605606
=015  \\$aPrasa 2008/10/10
=035  \\$a991030312659705066
=035  \\$a(PL-WaBN)b4716038x-48omnis_nlop
=035  \\$ab4716038x
=035  \\$a(OCoLC)999096115
=040  \\$aKR M$cKR M
=041  0\$apol
=100  0\$aLektor
=245  10$aPodróż, ciało, śmierć /$cLektor.
=260  \\$c10 X 2008.
=336  \\$aTekst$btxt$2rdacontent
=337  \\$aBez urządzenia pośredniczącego$bn$2rdamedia
=338  \\$aWolumin$bnc$2rdacarrier
=380  \\$aArtykuły
=520  8\$aZawiera rec. książki: Bieguni / Olga Tokarczuk. - Kraków, 2007.
=600  17$aTokarczuk, Olga$d(1962- ).$tBieguni$2DBN
=655  \7$aRecenzja$2DBN
=740  0\$aBieguni - recenzja
=773  0\$iW:$tTygodnik Powszechny : katolickie pismo społeczno-kulturalne.$x0041-4808.$g2008, nr 41, s. 32$w(PL)b0000001298071
=909  \\$ab000004716038x
=915  \\$aPrasa 2008/10/10
=916  \\$aLektor   
=955  \7$aRecenzja$2DBN
=980  \\$aArtykuły
=996  \\$a.b4716038x
=998  \\$ao
=999  \\$aDBN01$ckor
  
