=LDR  01492naa a2200457 i 4500
=001  b0000004718007
=005  20211030064519.4
=008  060102s2008    pl           |000 0 pol  
=009  9910053553505606
=015  \\$aPrasa 2008/11/24
=035  \\$a991030390269705066
=035  \\$a(PL-WaBN)b47180079-48omnis_nlop
=035  \\$ab47180079
=035  \\$a(OCoLC)999120377
=040  \\$aWA M$cWA M
=041  0\$apol
=100  1\$aSpychalski, Mirosław
=245  10$aWędrówka, która może nas zbawić :$bprzedstawiamy dzieła pisarzy nominowanych do Angelusa /$cMirosław Spychalski.
=260  \\$c24 XI 2008.
=336  \\$aTekst$btxt$2rdacontent
=337  \\$aBez urządzenia pośredniczącego$bn$2rdamedia
=338  \\$aWolumin$bnc$2rdacarrier
=380  \\$aArtykuły
=520  8\$aZawiera rec. książki: Bieguni / Olga Tokarczuk. - Kraków, 2007.
=600  17$aTokarczuk, Olga$d(1962- ).$tBieguni$2DBN
=655  \7$aRecenzja$2DBN
=740  0\$aBieguni - recenzja
=773  0\$iW:$tDziennik : Polska, Europa, świat.$x1895-6742.$g2008, nr 274, s. 22$w(PL)b0000001825817
=902  \\$a180110$c060102$dm$eb$f-$g0
=909  \\$ab0000047180079
=915  \\$aPrasa 2008/11/24
=916  \\$aSpychalski, Mirosław   
=955  \7$aRecenzja$2DBN
=980  \\$aArtykuły
=996  \\$a.b47180079
=998  \\$ao
=999  \\$aDBN01$ckor
  
