=LDR  01442naa a2200457 i 4500
=001  b0000004733759
=005  20211030063650.4
=008  090623s2009    pl           |000 0 pol  
=009  9910117606105606
=015  \\$aPrasa 2009/06/22
=035  \\$a991031010579705066
=035  \\$a(PL-WaBN)b4733759x-48omnis_nlop
=035  \\$ab4733759x
=035  \\$a(OCoLC)999301255
=040  \\$aOLSZT W$cOLSZT W
=041  1\$apol$hger
=100  1\$aRadisch, Iris$d(1959- )
=245  10$aDokąd jedzie Olga :$bprzyswajanie polskich pisarzy /$cIris Radisch.
=260  \\$c22 VI 2009.
=336  \\$aTekst$btxt$2rdacontent
=337  \\$aBez urządzenia pośredniczącego$bn$2rdamedia
=338  \\$aWolumin$bnc$2rdacarrier
=380  \\$aArtykuły
=520  8\$aZawiera rec. książki: Unrast / Olga Tokarczuk. - Frankfurt, M., 2009.
=546  \\$aTł. z niem.
=600  17$aTokarczuk, Olga$d(1962- ).$tUnrast$2DBN
=655  \7$aRecenzja$2DBN
=740  0\$aUnrast - recenzja
=773  0\$iW:$tForum (Warszawa ; 1965).$x0015-8402.$g2009, nr 25, s. 50-51$w(PL)b0000001500842
=902  \\$a180110$c090623$dm$eb$f-$g0
=909  \\$ab000004733759x
=915  \\$aPrasa 2009/06/22
=916  \\$aRadisch, Iris   (1959- )
=955  \7$aRecenzja$2DBN
=980  \\$aArtykuły
=996  \\$a.b4733759x
=998  \\$ao
=999  \\$aDBN01$ckor
  
