=LDR  01505naa a2200445 i 4500
=001  b0000004736630
=005  20221015174840.4
=008  090804s2009    pl           |000 0 pol  
=009  9910323866105606
=015  \\$aPrasa 2009/08/04
=035  \\$a991031122939705066
=035  \\$a(PL-WaBN)b47366308-48omnis_nlop
=035  \\$ab47366308
=035  \\$a(OCoLC)998241782
=040  \\$aZGÓRA M$cZGÓRA M
=100  1\$aŚmieja, Wojciech$d(1977- )
=245  10$aLiterackie podróże współczesności /$cWojciech Śmieja.
=260  \\$c4 VIII 2009.
=336  \\$aTekst$btxt$2rdacontent
=337  \\$aBez urządzenia pośredniczącego$bn$2rdamedia
=338  \\$aWolumin$bnc$2rdacarrier
=380  \\$aArtykuły
=600  17$aKapuściński, Ryszard$d(1932-2007)$2DBN
=600  17$aStasiuk, Andrzej$d(1960- )$2DBN
=600  17$aTokarczuk, Olga$d(1962- )$2DBN
=650  \7$aLiteratura podróżnicza polska$xhistoria$y20-21 w.$2DBN
=773  0\$iW:$tPrzegląd (Warszawa ; 1999).$x1509-3115.$g2009, nr 31, s. 34-36$w(PL)b0000001346565
=909  \\$ab0000047366308
=915  \\$aPrasa 2009/08/04
=916  \\$aŚmieja, Wojciech   (1977- )
=980  \\$aArtykuły
=996  \\$a.b47366308
=998  \\$ao
=999  \\$aDBN01$ckor
  
