=LDR  01411naa a2200421 i 4500
=001  b0000004747829
=005  20221014143558.4
=008  091104s2009    pl           |000 0 pol  
=009  9910152272305606
=015  \\$aPrasa 2009/11/04
=035  \\$a991031607399705066
=035  \\$a(PL-WaBN)b47478299-48omnis_nlop
=035  \\$ab47478299
=035  \\$a(OCoLC)998368584
=040  \\$aLUBL M$cLUBL M
=100  1\$aTokarczuk, Olga$d(1962- )
=245  10$aBłąd w oprogramowaniu świata /$cOlga Tokarczuk ; rozm. przepr. Justyna Sobolewska.
=260  \\$c4 XI 2009.
=336  \\$aTekst$btxt$2rdacontent
=337  \\$aBez urządzenia pośredniczącego$bn$2rdamedia
=338  \\$aWolumin$bnc$2rdacarrier
=380  \\$aArtykuły
=600  17$aTokarczuk, Olga$d(1962- ).$tProwadź swój pług przez kości umarłych$2DBN
=650  \7$aPowieść polska$xhistoria$y21 w.$2DBN
=700  1\$aSobolewska, Justyna$d(1972- )
=773  0\$iW:$tPolityka (Warszawa ; 1957).$x0032-3500.$g2009, nr 45, s. 60-62$w(PL)b0000001481990
=909  \\$ab0000047478299
=915  \\$aPrasa 2009/11/04
=916  \\$aTokarczuk, Olga   (1962- )
=918  1\$aSobolewska, Justyna$d(1972- )
=980  \\$aArtykuły
=996  \\$a.b47478299
=998  \\$ao
=999  \\$aDBN01$ckor
  
