=LDR  01396naa a2200397 i 4500
=001  b0000004748593
=005  20221015174855.0
=008  091119s2009    pl           |000 0 pol  
=009  9910247225305606
=015  \\$aPrasa 2009/11/19
=035  \\$a991031639179705066
=035  \\$a(PL-WaBN)b47485930-48omnis_nlop
=035  \\$ab47485930
=035  \\$a(OCoLC)998377908
=040  \\$aWA N$cWA N
=100  1\$aTokarczuk, Olga$d(1962- )
=245  10$aZbrodnia i astrolożka /$cOlga Tokarczuk ; rozm. przepr. Agnieszka Wolny-Hamkało.
=260  \\$c19 XI 2009.
=336  \\$aTekst$btxt$2rdacontent
=337  \\$aBez urządzenia pośredniczącego$bn$2rdamedia
=338  \\$aWolumin$bnc$2rdacarrier
=380  \\$aArtykuły
=600  17$aTokarczuk, Olga$d(1962- ).$tProwadź swój pług przez kości umarłych$2DBN
=650  \7$aPowieść polska$xhistoria$y21 w.$2DBN
=700  1\$aWolny-Hamkało, Agnieszka$d(1979- )
=773  0\$iW:$tDuży Format : czwartkowiec "Gazety Wyborczej".$x1643-9910.$g2009, nr 45, s. 16-17$w(PL)b0000001496514
=909  \\$ab0000047485930
=915  \\$aPrasa 2009/11/19
=916  \\$aTokarczuk, Olga   (1962- )
=918  1\$aWolny-Hamkało, Agnieszka$d(1979- )
=980  \\$aArtykuły
=996  \\$a.b47485930$9local$z48OMNIS_NLOP
=998  \\$ao$9local$z48OMNIS_NLOP
=999  \\$abzczp$bjv$bjkr$cjkr
  
