=LDR  01436naa a2200409 i 4500
=001  b0000004748985
=005  20221015175035.5
=008  091124s2009    pl           |000 0 pol  
=009  9910419936405606
=015  \\$aPrasa 2009/11/24
=035  \\$a991031655639705066
=035  \\$a(PL-WaBN)b47489856-48omnis_nlop
=035  \\$ab47489856
=035  \\$a(OCoLC)998382621
=040  \\$aWA N$cWA N
=100  1\$aNowacki, Dariusz$d(1965- )
=245  10$aCzy wypada jeść mięso? /$cDariusz Nowacki.
=260  \\$c24 XI 2009.
=336  \\$aTekst$btxt$2rdacontent
=337  \\$aBez urządzenia pośredniczącego$bn$2rdamedia
=338  \\$aWolumin$bnc$2rdacarrier
=380  \\$aArtykuły
=520  8\$aZawiera rec. książki: Prowadź swój pług przez kości umarłych / Olga Tokarczuk. - Kraków, 2009.
=600  17$aTokarczuk, Olga$d(1962- ).$tProwadź swój pług przez kości umarłych$2DBN
=655  \7$aRecenzja$2DBN
=740  0\$aProwadź swój pług przez kości umarłych - recenzja
=773  0\$iW:$tGazeta Wyborcza (Wyd. zasadnicze).$x0860-908X.$g2009, nr 275, s. 19$w(PL)b0000001301576
=909  \\$ab0000047489856
=915  \\$aPrasa 2009/11/24
=916  \\$aNowacki, Dariusz   (1965- )
=955  \7$aRecenzja$2DBN
=980  \\$aArtykuły
=996  \\$a.b47489856$9local$z48OMNIS_NLOP
=998  \\$ao$9local$z48OMNIS_NLOP
=999  \\$abzczp$bjv$bjkr$cmb
  
