=LDR  01350naa a2200409 i 4500
=001  b0000004749677
=005  20221015175133.2
=008  091130s2009    pl           |000 0 pol  
=009  9910367808505606
=015  \\$aPrasa 2009/11/30
=035  \\$a991031683929705066
=035  \\$a(PL-WaBN)b47496770-48omnis_nlop
=035  \\$ab47496770
=035  \\$a(OCoLC)998391010
=040  \\$aTor M$cTor M
=100  1\$aTokarczuk, Olga$d(1962- )
=245  10$aMamy obsesję hierarchiczności /$cOlga Tokarczuk ; rozm. przepr. Cezary Polak.
=260  \\$c30 XI 2009.
=336  \\$aTekst$btxt$2rdacontent
=337  \\$aBez urządzenia pośredniczącego$bn$2rdamedia
=338  \\$aWolumin$bnc$2rdacarrier
=380  \\$aArtykuły
=600  17$aTokarczuk, Olga$d(1962- ).$tProwadź swój pług przez kości umarłych$2DBN
=650  \7$aPowieść polska$xhistoria$y21 w.$2DBN
=700  1\$aPolak, Cezary
=773  0\$iW:$tDziennik Gazeta Prawna : prawo, biznes, polityka.$x2080-6744.$g2009, nr 233, s. A15$w(PL)b0000002428462
=909  \\$ab0000047496770
=915  \\$aPrasa 2009/11/30
=916  \\$aTokarczuk, Olga   (1962- )
=918  1\$aPolak, Cezary
=980  \\$aArtykuły
=996  \\$a.b47496770
=998  \\$ao
=999  \\$aDBN01$ckor
  
