=LDR  01449naa a2200421 i 4500
=001  b0000004750042
=005  20221015174923.6
=008  091204s2009    pl           |000 0 pol  
=009  9910482351705606
=015  \\$aPrasa 2009/12/04
=035  \\$a991031699239705066
=035  \\$a(PL-WaBN)b47500426-48omnis_nlop
=035  \\$ab47500426
=035  \\$a(OCoLC)998395543
=040  \\$aTor M$cTor M
=100  1\$aKofta, Piotr$d(1973- )
=245  10$aWspólnicy Pana Boga /$cPiotr Kofta.
=260  \\$c4 XII 2009.
=336  \\$aTekst$btxt$2rdacontent
=337  \\$aBez urządzenia pośredniczącego$bn$2rdamedia
=338  \\$aWolumin$bnc$2rdacarrier
=380  \\$aArtykuły
=520  8\$aZawiera rec. książki: Prowadź swój pług przez kości umarłych / Olga Tokarczuk. - Kraków, 2009.
=600  17$aTokarczuk, Olga$d(1962- ).$tProwadź swój pług przez kości umarłych$2DBN
=655  \7$aRecenzja$2DBN
=740  0\$aProwadź swój pług przez kości umarłych - recenzja
=773  0\$iW:$tDziennik Gazeta Prawna : prawo, biznes, polityka.$x2080-6744.$g2009, nr 237, dod. Kultura, s. 11$w(PL)b0000002428462
=909  \\$ab0000047500426
=915  \\$aPrasa 2009/12/04
=916  \\$aKofta, Piotr   (1973- )
=955  \7$aRecenzja$2DBN
=980  \\$aArtykuły
=996  \\$a.b47500426
=998  \\$ao
=999  \\$aDBN01$ckor
  
