=LDR  01485naa a2200433 i 4500
=001  b0000004750290
=005  20221014143459.1
=008  100426s2009    pl           |000 0 pol  
=009  9910491504005606
=015  \\$aPrasa 2009/12/04
=035  \\$a991031709369705066
=035  \\$a(PL-WaBN)b47502903-48omnis_nlop
=035  \\$ab47502903
=035  \\$a(OCoLC)998398242
=040  \\$aKR M$cKR M
=100  1\$aNiemczyńska, Małgorzata I.$d(1982- )
=245  10$aKości zostały rzucone /$cMałgorzata I. Niemczyńska.
=260  \\$c4 XII 2009.
=336  \\$aTekst$btxt$2rdacontent
=337  \\$aBez urządzenia pośredniczącego$bn$2rdamedia
=338  \\$aWolumin$bnc$2rdacarrier
=380  \\$aArtykuły
=520  8\$aZawiera rec. książki: Prowadź swój pług przez kości umarłych / Olga Tokarczuk. - Kraków, 2009.
=600  17$aTokarczuk, Olga$d(1962- ).$tProwadź swój pług przez kości umarłych$2DBN
=655  \7$aRecenzja$2DBN
=740  0\$aProwadź swój pług przez kości umarłych - recenzja
=773  0\$iW:$tGazeta Wyborcza (Kraków).$g2009, nr 282, s. 7$w(PL)b0000001296234
=909  \\$ab0000047502903
=915  \\$aPrasa 2009/12/04
=916  \\$aNiemczyńska, Małgorzata I.   (1982- )
=955  \7$aRecenzja$2DBN
=980  \\$aArtykuły
=996  \\$a.b47502903
=998  \\$ao
=999  \\$aDBN01$ckor
  
