=LDR  01589naa a2200445 i 4500
=001  b0000004760726
=005  20221014143443.3
=008  100510s2010    pl           |000 0 pol  
=009  9910155544105606
=015  \\$aPrasa 2010/05/10
=035  \\$a991032098159705066
=035  \\$a(PL-WaBN)b47607269-48omnis_nlop
=035  \\$ab47607269
=035  \\$a(OCoLC)998522202
=040  \\$aWA N$cWA N
=100  1\$aTokarczuk, Olga$d(1962- )
=245  10$aProszę o miejsce dla odmieńców /$cOlga Tokarczuk ; rozm. przepr. Miłada Jędrysik.
=260  \\$c10 V 2010.
=336  \\$aTekst$btxt$2rdacontent
=337  \\$aBez urządzenia pośredniczącego$bn$2rdamedia
=338  \\$aWolumin$bnc$2rdacarrier
=380  \\$aArtykuły
=520  8\$aDot. tekstów o żałobie narodowej, opublikowanych w "The New York Timesie" i "Krytyce Politycznej".
=600  17$aTokarczuk, Olga$d(1962- )$2DBN
=650  \7$aKatolicyzm$xsocjologia$zPolska$yod 1989 r.$2DBN
=650  \7$aPostawy$zPolska$y21 w.$2DBN
=650  \7$aPublicystyka polska$xtematyka$y21 w.$2DBN
=700  1\$aJędrysik, Miłada
=773  0\$iW:$tGazeta Wyborcza (Wyd. zasadnicze).$x0860-908X.$g2010, nr 106, s. 18$w(PL)b0000001301576
=909  \\$ab0000047607269
=915  \\$aPrasa 2010/05/10
=916  \\$aTokarczuk, Olga   (1962- )
=918  1\$aJędrysik, Miłada
=980  \\$aArtykuły
=996  \\$a.b47607269$9local$z48OMNIS_NLOP
=998  \\$ao$9local$z48OMNIS_NLOP
=999  \\$abzczp$bjv$bjkr$cjkr
  
