=LDR  01372naa a2200421 i 4500
=001  b0000004812641
=005  20221015175035.5
=008  111229s2012    pl           |000 0 pol  
=009  9910435827805606
=015  \\$aPrasa 2012/03/26
=035  \\$a991034135679705066
=035  \\$a(PL-WaBN)b4812641x-48omnis_nlop
=035  \\$ab4812641x
=035  \\$a(OCoLC)998546042
=040  \\$aWA M$cWA M
=100  1\$aMasłoń, Krzysztof$d(1953- )
=245  10$aCzas nauczyć się gdakać /$cKrzysztof Masłoń.
=260  \\$c26 III 2012.
=336  \\$aTekst$btxt$2rdacontent
=337  \\$aBez urządzenia pośredniczącego$bn$2rdamedia
=338  \\$aWolumin$bnc$2rdacarrier
=380  \\$aArtykuły
=520  8\$aZawiera rec. książki: Moment niedźwiedzia / Olga Tokarczuk. - Warszawa, 2012.
=600  17$aTokarczuk, Olga$d(1962- ).$tMoment niedźwiedzia$2DBN
=655  \7$aRecenzja$2DBN
=740  0\$aMoment niedźwiedzia - recenzja
=773  0\$iW:$tUważam Rze : inaczej pisane.$x2082-8292.$g2012, nr 13, s. 46-47$w(PL)b0000002595675
=909  \\$ab000004812641x
=915  \\$aPrasa 2012/03/26
=916  \\$aMasłoń, Krzysztof   (1953- )
=955  \7$aRecenzja$2DBN
=980  \\$aArtykuły
=996  \\$a.b4812641x
=998  \\$ao
=999  \\$aDBN01$ckor
  
