=LDR  01354naa a2200421 i 4500
=001  b0000004813567
=005  20221015174826.1
=008  120410s2012    pl           |000 0 pol  
=009  9910430584305606
=015  \\$aPrasa 2012/04/10
=035  \\$a991034171639705066
=035  \\$a(PL-WaBN)b48135677-48omnis_nlop
=035  \\$ab48135677
=035  \\$a(OCoLC)998556672
=040  \\$aMBPWR$cMBPWR
=100  1\$aPiekarska, Magda$c(dziennikarka)
=245  10$aPisarka stwarza świat /$cMagda Piekarska.
=260  \\$c10 IV 2012.
=336  \\$aTekst$btxt$2rdacontent
=337  \\$aBez urządzenia pośredniczącego$bn$2rdamedia
=338  \\$aWolumin$bnc$2rdacarrier
=380  \\$aArtykuły
=520  8\$aZawiera rec. książki: Moment niedźwiedzia / Olga Tokarczuk. - Warszawa, 2012.
=600  17$aTokarczuk, Olga$d(1962- ).$tMoment niedźwiedzia$2DBN
=655  \7$aRecenzja$2DBN
=740  0\$aMoment niedźwiedzia - recenzja
=773  0\$iW:$tGazeta Wyborcza (Wrocław).$g2012, nr 84, s. 6$w(PL)b000000381483
=909  \\$ab0000048135677
=915  \\$aPrasa 2012/04/10
=916  \\$aPiekarska, Magda  (dziennikarka) 
=955  \7$aRecenzja$2DBN
=980  \\$aArtykuły
=996  \\$a.b48135677
=998  \\$ao
=999  \\$aDBN01$ckor
  
