=LDR  01368naa a2200409 i 4500
=001  b0000004813576
=005  20221014143459.1
=008  120411s2012    pl           |000 0 pol  
=009  9910055030305606
=015  \\$aPrasa 2012/04/11
=035  \\$a991034171989705066
=035  \\$a(PL-WaBN)b48135768-48omnis_nlop
=035  \\$ab48135768
=035  \\$a(OCoLC)998556223
=040  \\$aWA N$cWA N
=100  1\$aSzybowicz, Eliza$d(1977- )
=245  10$aZakład Pascala dla ateisty /$cEliza Szybowicz.
=260  \\$c11 IV 2012.
=336  \\$aTekst$btxt$2rdacontent
=337  \\$aBez urządzenia pośredniczącego$bn$2rdamedia
=338  \\$aWolumin$bnc$2rdacarrier
=380  \\$aArtykuły
=520  8\$aZawiera rec. książki: Moment niedźwiedzia / Olga Tokarczuk. - Warszawa, 2012.
=600  17$aTokarczuk, Olga$d(1962- ).$tMoment niedźwiedzia$2DBN
=655  \7$aRecenzja$2DBN
=740  0\$aMoment niedźwiedzia - recenzja
=773  0\$iW:$tGazeta Wyborcza (Wyd. zasadnicze).$x0860-908X.$g2012, nr 84, s. 12$w(PL)b0000001301576
=909  \\$ab0000048135768
=915  \\$aPrasa 2012/04/11
=916  \\$aSzybowicz, Eliza   (1977- )
=955  \7$aRecenzja$2DBN
=980  \\$aArtykuły
=996  \\$a.b48135768$9local$z48OMNIS_NLOP
=998  \\$ao$9local$z48OMNIS_NLOP
=999  \\$abzczp$bjt$baw$caw
  
