=LDR  01849naa a2200517 i 4500
=001  b0000004839010
=005  20221014143558.4
=008  130314s2013    pl           |000 0 pol  
=009  9910100312105606
=015  \\$aPrasa 2013/03/14
=035  \\$a991035186729705066
=035  \\$a(PL-WaBN)b48390100-48omnis_nlop
=035  \\$ab48390100
=035  \\$a(OCoLC)998828619
=040  \\$aMBPWR$cMBPWR
=100  1\$aPiekarska, Magda$c(dziennikarka)
=245  10$aPsy wymowniejsze od ludzi /$cMagda Piekarska.
=260  \\$c14 III 2013.
=336  \\$aTekst$btxt$2rdacontent
=337  \\$aBez urządzenia pośredniczącego$bn$2rdamedia
=338  \\$aWolumin$bnc$2rdacarrier
=380  \\$aArtykuły
=520  8\$aZawiera rec. przedstawienia: Kotlina / wg Olgi Tokarczuk ; reż. Agnieszka Olsten ; Teatr Współczesny, Wrocław.
=600  17$aOlsten, Agnieszka$d(1977- )$2DBN
=610  27$aWrocławski Teatr Współczesny im. Marii i Edmunda Wiercińskich$2DBN
=650  \7$aInscenizacja$2DBN
=651  \7$aWrocław (woj. dolnośląskie)$xteatr$y2013 r.$2DBN
=655  \7$aRecenzja$2DBN
=658  \\$aKultura i sztuka
=740  0\$aProwadź swój pług przez kości umarłych - recenzja
=773  0\$iW:$tGazeta Wyborcza (Wrocław).$g2013, nr 62, s. 5$w(PL)b000000381483
=909  \\$ab0000048390100
=915  \\$aPrasa 2013/03/14
=916  \\$aPiekarska, Magda  (dziennikarka) 
=951  \7$aWrocław (woj. dolnośląskie)$xteatr$y2013 r.$2DBN
=955  \7$aRecenzja$2DBN
=958  \\$aKultura i sztuka
=980  \\$aArtykuły
=996  \\$a.b48390100
=998  \\$ao
=999  \\$aDBN01$ckor
  
