=LDR  01871naa a2200517 i 4500
=001  b0000004840961
=005  20221015174811.7
=008  130408s2013    pl           |000 0 pol  
=009  9910274027005606
=015  \\$aPrasa 2013/03/22
=035  \\$a991035264869705066
=035  \\$a(PL-WaBN)b48409613-48omnis_nlop
=035  \\$ab48409613
=035  \\$a(OCoLC)998831846
=040  \\$aKR M$cKR M
=100  1\$aKościelniak, Marcin
=245  10$aAktorki i psy :$bekologiczny spektakl według Tokarczuk /$cMarcin Kościelniak.
=260  \\$c22 III 2013.
=336  \\$aTekst$btxt$2rdacontent
=337  \\$aBez urządzenia pośredniczącego$bn$2rdamedia
=338  \\$aWolumin$bnc$2rdacarrier
=380  \\$aArtykuły
=520  8\$aZawiera rec. przedstawienia: Kotlina / wg Olgi Tokarczuk ; reż. Agnieszka Olsten ; Teatr Współczesny, Wrocław.
=600  17$aOlsten, Agnieszka$d(1977- )$2DBN
=610  27$aTeatr Współczesny (Wrocław)$2DBN
=650  \7$aInscenizacja$2DBN
=651  \7$aWrocław (woj. dolnośląskie)$xteatr$y2013 r.$2DBN
=655  \7$aRecenzja$2DBN
=658  \\$aKultura i sztuka
=740  0\$aProwadź swój pług przez kości umarłych - recenzja
=773  0\$iW:$tTygodnik Powszechny : katolickie pismo społeczno-kulturalne.$x0041-4808.$g2013, nr 12, s. 44$w(PL)b0000001298071
=909  \\$ab0000048409613
=915  \\$aPrasa 2013/03/22
=916  \\$aKościelniak, Marcin   
=951  \7$aWrocław (woj. dolnośląskie)$xteatr$y2013 r.$2DBN
=955  \7$aRecenzja$2DBN
=958  \\$aKultura i sztuka
=980  \\$aArtykuły
=996  \\$a.b48409613
=998  \\$ao
=999  \\$aDBN01$ckor
  
