=LDR  01881naa a2200397 i 4500
=001  b0000004883967
=005  20221015175050.0
=008  150904s2015    pl           |000 0 pol  
=009  9910200679505606
=015  \\$aPrasa 2015/09/04
=035  \\$a991036982959705066
=035  \\$a(PL-WaBN)b4883967x-48omnis_nlop
=035  \\$ab4883967x
=035  \\$a(OCoLC)998673890
=040  \\$aWA N$cWA N
=100  1\$aSobolewska, Justyna$d(1972- )
=245  10$aTokarczuk :$bposzukiwacze /$cJustyna Sobolewska.
=260  \\$c4 IX 2015.
=336  \\$aTekst$btxt$2rdacontent
=337  \\$aBez urządzenia pośredniczącego$bn$2rdamedia
=338  \\$aWolumin$bnc$2rdacarrier
=380  \\$aArtykuły
=520  8\$aZawiera rec. książki: Księgi Jakubowe albo Wielka podróż przez siedem granic, pięć języków i trzy duże religie, nie licząc tych małych : opowiadana przez zmarłych, a przez autorkę dopełniona metodą koniektury, z wielu rozmaitych ksiąg zaczerpnięta, a także wspomożona imaginacją, która to jest największym naturalnym darem człowieka / Olga Tokarczuk. - Kraków, 2014.
=600  17$aTokarczuk, Olga$d(1962- ).$tKsięgi Jakubowe albo Wielka podróż przez siedem granic, pięć języków i trzy duże religie, nie licząc tych małych$2DBN
=655  \7$aRecenzja literacka$2DBN
=740  0\$aKsięgi Jakubowe albo Wielka podróż przez siedem granic, pięć języków i trzy duże religie, nie licząc tych małych - recenzja
=773  0\$iW:$tGazeta Wyborcza (Wyd. zasadnicze).$x0860-908X.$g2015, nr 206, s. 17$w(PL)b0000001301576
=909  \\$ab000004883967x
=915  \\$aPrasa 2015/09/04
=916  \\$aSobolewska, Justyna   (1972- )
=955  \7$aRecenzja literacka$2DBN
=980  \\$aArtykuły
=996  \\$a.b4883967x$9local$z48OMNIS_NLOP
=998  \\$ao$9local$z48OMNIS_NLOP
=999  \\$abzczp$bjkr$cjkr
  
