=LDR  01771naa a2200469 i 4500
=001  b0000004892737
=005  20221015174855.0
=008  150909s2015    pl           |000 0 pol  
=009  9910485141305606
=015  \\$aBZCz 2015/59608
=035  \\$a991037333849705066
=035  \\$a(PL-WaBN)b48927375-48omnis_nlop
=035  \\$ab48927375
=035  \\$a(OCoLC)998738796
=040  \\$aWA N$cWA N
=041  0\$apol$beng
=080  \\$a821.162.1(091)(045/046)
=100  1\$aKantner, Katarzyna$d(1984- )
=245  10$aPodmiotowość "mediumiczna" :$b"E.E." Olgi Tokarczuk jako powieść psychologiczna /$cKatarzyna Kantner ; Wydział Polonistyki UJ.
=260  \\$c2015.
=336  \\$aTekst$btxt$2rdacontent
=337  \\$aBez urządzenia pośredniczącego$bn$2rdamedia
=338  \\$aWolumin$bnc$2rdacarrier
=380  \\$aArtykuły
=546  \\$aStreszcz. ang.
=600  17$aTokarczuk, Olga$d(1962- ).$tE. E.$2DBN
=648  \7$a1901-2000$2DBN
=650  \7$aPsychologia$xw literaturze polskiej.$2DBN
=655  \7$aPowieść polska$xtematyka$yod 1989 r.$2DBN
=773  0\$iW:$tRuch Literacki (Kraków).$x0035-9602.$gR. 56, z. 1 (2015), s. 47-59
=909  \\$ab0000048927375
=915  \\$aBZCz 2015/59608
=916  \\$aKantner, Katarzyna   (1984- )
=931  \\$a821.162.1(091)(045/046)
=950  \\$uhttps://eu05.alma.exlibrisgroup.com/view/uresolver/48OMNIS_NETWORK/openurl?u.ignore_date_coverage=true&portfolio_pid=53659953780005066&Force_direct=true$zZobacz w Polonie$853659953780005066
=955  \7$aPowieść polska$xtematyka$yod 1989 r.$2DBN
=980  \\$aArtykuły
=996  \\$a.b48927375$9local$z48OMNIS_NLOP
=998  \\$ao$9local$z48OMNIS_NLOP
=999  \\$abzcz$bdu$x09$y2015$amerk
  
