=LDR  01968naa a2200433 i 4500
=001  b0000004928038
=005  20221015175035.5
=008  150929s2015    pl           |000 0 pol  
=009  9910305222205606
=015  \\$aBZCz 2015/68983
=035  \\$a991038748709705066
=035  \\$a(PL-WaBN)b49280387-48omnis_nlop
=035  \\$ab49280387
=035  \\$a(OCoLC)998340143
=040  \\$aWA N$cWA N
=080  \\$a821.162.1(091)(045/046)
=100  1\$aŁadyka, Jerzy$d(1930-2019)
=245  10$aOlgi Tokarczuk wielka podróż /$cJerzy Ładyka.
=260  \\$c2015.
=336  \\$aTekst$btxt$2rdacontent
=337  \\$aBez urządzenia pośredniczącego$bn$2rdamedia
=338  \\$aWolumin$bnc$2rdacarrier
=380  \\$aArtykuły
=520  8\$aZawiera rec. książki: Księgi Jakubowe albo Wielka podróż przez siedem granic, pięć języków i trzy duże religie, nie licząc tych małych : opowiadana przez zmarłych, a przez autorkę dopełniona metodą koniektury, z wielu rozmaitych ksiąg zaczerpnięta, a także wspomożona imaginacją, która to jest największym naturalnym darem człowieka / Olga Tokarczuk. - Kraków, 2014.
=600  17$aTokarczuk, Olga$d(1962- ).$tKsięgi Jakubowe albo Wielka podróż przez siedem granic, pięć języków i trzy duże religie, nie licząc tych małych$2DBN
=655  \7$aRecenzja literacka$2DBN
=740  0\$aKsięgi Jakubowe albo Wielka podróż przez siedem granic, pięć języków i trzy duże religie, nie licząc tych małych - recenzja
=773  0\$iW:$tRes Humana.$x0867-874X.$gR. 23[24], nr 3 (2015), s. 17-19
=909  \\$ab0000049280387
=915  \\$aBZCz 2015/68983
=916  \\$aŁadyka, Jerzy   (1930-2019)
=931  \\$a821.162.1(091)(045/046)
=955  \7$aRecenzja literacka$2DBN
=980  \\$aArtykuły
=996  \\$a.b49280387$9local$z48OMNIS_NLOP
=998  \\$ao$9local$z48OMNIS_NLOP
=999  \\$abzcz$bjkr$cjkr$x10$y2015
  
