=LDR  01473naa a2200409 i 4500
=001  b0000004937722
=005  20221015175035.5
=008  151005s2015    pl           |000 0 pol  
=009  9910228912905606
=015  \\$aPrasa 2015/10/05
=035  \\$a991039135599705066
=035  \\$a(PL-WaBN)b4937722x-48omnis_nlop
=035  \\$ab4937722x
=035  \\$a(OCoLC)998409584
=040  \\$aWA N$cWA N
=100  1\$aSobolewski, Tadeusz$d(1947- )
=245  10$aTokarczuk i poszukiwacze światła /$cTadeusz Sobolewski.
=260  \\$c5 X 2015.
=336  \\$aTekst$btxt$2rdacontent
=337  \\$aBez urządzenia pośredniczącego$bn$2rdamedia
=338  \\$aWolumin$bnc$2rdacarrier
=380  \\$aArtykuły
=600  17$aTokarczuk, Olga$d(1962- ).$tKsięgi Jakubowe albo Wielka podróż przez siedem granic, pięć języków i trzy duże religie, nie licząc tych małych$2DBN
=648  \7$a2001-$2DBN
=650  \\$aNagroda Literacka Nike
=655  \7$aLiteratura polska$xhistoria$y21 w.$2DBN
=773  0\$iW:$tGazeta Wyborcza (Wyd. zasadnicze).$x0860-908X.$g2015, nr 232, s. 16-17$w(PL)b0000001301576
=909  \\$ab000004937722x
=915  \\$aPrasa 2015/10/05
=916  \\$aSobolewski, Tadeusz   (1947- )
=955  \7$aLiteratura polska$xhistoria$y21 w.$2DBN
=980  \\$aArtykuły
=996  \\$a.b4937722x$9local$z48OMNIS_NLOP
=998  \\$ao$9local$z48OMNIS_NLOP
=999  \\$abzczp$bmp$cmp
  
