=LDR  01767naa a2200493 i 4500
=001  b0000004950618
=005  20211030063824.9
=008  151012s2015    pl           |000 0 pol  
=009  9910377521505606
=015  \\$aPrasa 2015/10/12
=035  \\$a991039734629705066
=035  \\$a(PL-WaBN)b49506183-48omnis_nlop
=035  \\$ab49506183
=035  \\$a(OCoLC)998506353
=040  \\$aWA N$cWA N$dWA N
=100  1\$aTokarczuk, Olga$d(1962- )
=245  10$aLudzie nie bójcie się! /$cOlga Tokarczuk ; rozm. przepr. Dorota Wodecka.
=260  \\$c10-11 X 2015.
=336  \\$aTekst$btxt$2rdacontent
=337  \\$aBez urządzenia pośredniczącego$bn$2rdamedia
=338  \\$aWolumin$bnc$2rdacarrier
=380  \\$aArtykuły
=600  17$aTokarczuk, Olga$d(1962- ).$tKsięgi Jakubowe albo Wielka podróż przez siedem granic, pięć języków i trzy duże religie, nie licząc tych małych$2DBN
=648  \7$a2001-$2DBN
=650  \7$aLaureaci$2DBN
=655  \7$aPowieść polska$xhistoria$y21 w.$2DBN
=658  \\$aLiteraturoznawstwo
=700  1\$aWodecka, Dorota$d(1968- )
=773  0\$iW:$tGazeta Wyborcza (Wyd. zasadnicze).$x0860-908X.$g2015, nr 237, s. 34-35$w(PL)b0000001301576
=902  \\$a171230$c151012$dm$eb$f-$g0
=909  \\$ab0000049506183
=915  \\$aPrasa 2015/10/12
=916  \\$aTokarczuk, Olga   (1962- )
=918  1\$aWodecka, Dorota$d(1968- )
=955  \7$aPowieść polska$xhistoria$y21 w.$2DBN
=958  \\$aLiteraturoznawstwo
=980  \\$aArtykuły
=996  \\$a.b49506183$9local$z48OMNIS_NLOP
=998  \\$ao$9local$z48OMNIS_NLOP
=999  \\$abzczp$bjkr$cjkr
  
