=LDR  01883naa a2200529 i 4500
=001  b0000004950924
=005  20221015174855.0
=008  151012s2015    pl           |000 0 pol  
=009  9910426614105606
=015  \\$aPrasa 2015/10/12
=035  \\$a991039747209705066
=035  \\$a(PL-WaBN)b4950924x-48omnis_nlop
=035  \\$ab4950924x
=035  \\$a(OCoLC)998509222
=040  \\$aGD W$cGD W
=100  1\$aKoehler, Krzysztof$d(1963- )
=245  10$aSamozwańcza nauczycielka historii /$cKrzysztof Koehler.
=260  \\$c12 X 2015.
=336  \\$aTekst$btxt$2rdacontent
=337  \\$aBez urządzenia pośredniczącego$bn$2rdamedia
=338  \\$aWolumin$bnc$2rdacarrier
=380  \\$aArtykuły
=520  8\$aNa marginesie książki "Księgi Jakubowe albo Wielka podróż przez siedem granic, pięć języków i trzy duże religie, nie licząc tych małych" Olgi Tokarczuk.
=600  17$aTokarczuk, Olga$d(1962- ).$tKsięgi Jakubowe albo Wielka podróż przez siedem granic, pięć języków i trzy duże religie, nie licząc tych małych$2DBN
=648  \7$a1501-1600$2DBN
=648  \7$a1601-1700$2DBN
=648  \7$a1701-1800$2DBN
=648  \7$a1801-1900$2DBN
=648  \7$a1901-2000$2DBN
=648  \7$a1989-2000$2DBN
=650  \7$aPisarze polscy$yod 1989 r.$2DBN
=651  \7$aPolska$xa Żydzi.$2DBN
=773  0\$iW:$tRzeczpospolita (Wyd. zasadnicze).$x0208-9130.$g2015, nr 238, s. A11$w(PL)b0000001472831
=909  \\$ab000004950924x
=915  \\$aPrasa 2015/10/12
=916  \\$aKoehler, Krzysztof   (1963- )
=951  \7$aPolska$xa Żydzi.$2DBN
=980  \\$aArtykuły
=996  \\$a.b4950924x
=998  \\$ao
=999  \\$aGD W$bij
  
