=LDR  01510naa a2200457 i 4500
=001  b0000004963489
=005  20221015174826.1
=008  151019s2015    pl           |000 0 pol  
=009  9910188929405606
=015  \\$aPrasa 2015/10/19
=035  \\$a991040198829705066
=035  \\$a(PL-WaBN)b49634896-48omnis_nlop
=035  \\$ab49634896
=035  \\$a(OCoLC)998605138
=040  \\$aWA N$cWA N$dWA N
=100  1\$aHarłukowicz, Jacek
=245  10$aTu są spokojni ludzie /$cJacek Harłukowicz.
=260  \\$c19 X 2015.
=336  \\$aTekst$btxt$2rdacontent
=337  \\$aBez urządzenia pośredniczącego$bn$2rdamedia
=338  \\$aWolumin$bnc$2rdacarrier
=380  \\$aArtykuły
=490  1\$aWitamy w Polsce
=600  17$aTokarczuk, Olga$d(1962- )$2DBN
=648  \7$a2001-$2DBN
=650  \7$aPatriotyzm$xsocjologia$zPolska$y21 w.$2DBN
=651  \7$aNowa Ruda (woj. dolnośląskie, pow. kłodzki, gm. Nowa Ruda)$2DBN
=658  \\$aHistoria
=773  0\$iW:$tGazeta Wyborcza (Wyd. zasadnicze).$x0860-908X.$g2015, nr 244, s. 8$w(PL)b0000001301576
=830  \0$aWitamy w Polsce
=909  \\$ab0000049634896
=915  \\$aPrasa 2015/10/19
=916  \\$aHarłukowicz, Jacek   
=951  \7$aNowa Ruda (woj. dolnośląskie, pow. kłodzki, gm. Nowa Ruda)$2DBN
=958  \\$aHistoria
=980  \\$aArtykuły
=996  \\$a.b49634896$9local$z48OMNIS_NLOP
=998  \\$ao$9local$z48OMNIS_NLOP
=999  \\$abzczp$bmk$cmk
  
