=LDR  01622naa a2200409 i 4500
=001  b0000004965470
=005  20221015175104.3
=008  151019s2015    pl           |000 0 pol  
=009  9910219326805606
=015  \\$aPrasa 2015/10/19
=035  \\$a991040277109705066
=035  \\$a(PL-WaBN)b49654706-48omnis_nlop
=035  \\$ab49654706
=035  \\$a(OCoLC)998622482
=040  \\$aKR M$cKR M
=100  1\$aKról, Zofia$d(1980- )
=245  10$aHistoria pisana literaturą :$bLiteracka Nagroda Europy Środkowej Angelus /$cZofia Król.
=260  \\$c18 X 2015.
=336  \\$aTekst$btxt$2rdacontent
=337  \\$aBez urządzenia pośredniczącego$bn$2rdamedia
=338  \\$aWolumin$bnc$2rdacarrier
=380  \\$aArtykuły
=520  8\$aZawiera rec. książki: Księgi Jakubowe / Olga Tokarczuk. - Kraków, 2014.
=600  17$aTokarczuk, Olga$d(1962- ).$tKsięgi Jakubowe albo Wielka podróż przez siedem granic, pięć języków i trzy duże religie, nie licząc tych małych$2DBN
=655  \7$aRecenzja literacka$2DBN
=740  0\$aKsięgi Jakubowe albo Wielka podróż przez siedem granic, pięć języków i trzy duże religie, nie licząc tych małych - recenzja
=773  0\$iW:$tTygodnik Powszechny : katolickie pismo społeczno-kulturalne.$x0041-4808.$g2015, nr 42, s. 70$w(PL)b0000001298071
=909  \\$ab0000049654706
=915  \\$aPrasa 2015/10/19
=916  \\$aKról, Zofia   (1980- )
=955  \7$aRecenzja literacka$2DBN
=980  \\$aArtykuły
=996  \\$a.b49654706
=998  \\$ao
=999  \\$aKR M$bkk$cmp
  
