=LDR  01822naa a2200529 i 4500
=001  b0000004967795
=005  20221015174952.3
=008  151021s2011    pl           |000 0 pol  
=009  9910282232205606
=015  \\$aBZCz 2015/67745
=035  \\$a991040370699705066
=035  \\$a(PL-WaBN)b49677950-48omnis_nlop
=035  \\$ab49677950
=035  \\$a(OCoLC)998643251
=040  \\$aWA N$cWA N
=041  0\$apol$beng
=080  \\$a80/81(045/046)
=100  1\$aKliś, Beata
=245  10$aPolifonia czyli wielogłosowość tekstu literackiego w wybranych tekstach prozatorskich Olgi Tokarczuk i Andrzeja Stasiuka /$cBeata Kliś ; Państwowa Wyższa Szkoła Zawodowa w Tarnowie.
=260  \\$c2011.
=336  \\$aTekst$btxt$2rdacontent
=337  \\$aBez urządzenia pośredniczącego$bn$2rdamedia
=338  \\$aWolumin$bnc$2rdacarrier
=380  \\$aArtykuły
=504  \\$aBibliogr.
=546  \\$aStreszcz. ang.
=600  17$aStasiuk, Andrzej$d(1960- )$2DBN
=648  \7$a1901-2000$2DBN
=648  \7$a1989-2000$2DBN
=655  \7$aOpowiadanie polskie$xstylistyka$2DBN
=773  0\$iW:$tLingVaria : półrocznik Wydziału Polonistyki Uniwersytetu Jagiellońskiego.$x1896-2122.$gR. 6, nr 2 (2011), s. 25-34
=909  \\$ab0000049677950
=915  \\$aBZCz 2015/67745
=916  \\$aKliś, Beata   
=931  \\$a80/81(045/046)
=955  \7$aOpowiadanie polskie$xstylistyka$2DBN
=980  \\$aArtykuły
=996  \\$a.b49677950$9local$z48OMNIS_NLOP
=998  \\$ao$9local$z48OMNIS_NLOP
=999  \\$azzmer$bmsz$x10$y2015
  
