=LDR  02205naa a2200517 i 4500
=001  b0000004970978
=005  20211030064617.5
=008  151022s2012    pl           |000 0 pol  
=009  9910050202405606
=015  \\$aBZCz 2015/65496
=035  \\$a991040498639705066
=035  \\$a(PL-WaBN)b49709781-48omnis_nlop
=035  \\$ab49709781
=035  \\$a(OCoLC)998669937
=040  \\$aWA N$cWA N
=041  0\$apol$beng
=080  \\$a37.016(045/046)
=100  1\$aWójcik-Dudek, Małgorzata
=245  10$aZwierzęta a dydaktyka literatury :$bwokół szkolnej lektury powieści Olgi Tokarczuk "Prowadź swój pług przez kości umarłych" /$cMałgorzata Wójcik-Dudek ; Instytut Badań Edukacyjnych w Warszawie, Uniwersytet Jagielloński w Krakowie.
=260  \\$c2012.
=336  \\$aTekst$btxt$2rdacontent
=337  \\$aBez urządzenia pośredniczącego$bn$2rdamedia
=338  \\$aWolumin$bnc$2rdacarrier
=380  \\$aArtykuły
=546  \\$aStreszcz. ang.
=600  17$aTokarczuk, Olga$d(1962- ).$tProwadź swój pług przez kości umarłych$2DBN
=648  \7$a2001-$2DBN
=655  \7$aLiteratura polska$xhistoria$xnauczanie$2DBN
=773  0\$iW:$tPostscriptum Polonistyczne : pismo krajowych i zagranicznych polonistów poświęcone zagadnieniom związanym z nauczaniem kultury polskiej i języka polskiego jako obcego.$x1898-1593.$g2012, nr 2, s. 251-261
=902  \\$a171230$c151022$dm$eb$fb$g0
=909  \\$ab0000049709781
=915  \\$aBZCz 2015/65496
=916  \\$aWójcik-Dudek, Małgorzata   
=931  \\$a37.016(045/046)
=950  \\$uhttps://eu.alma.exlibrisgroup.com/view/uresolver/48OMNIS_NETWORK/openurl?u.ignore_date_coverage=true&portfolio_pid=53661238300005066&Force_direct=true$zZobacz w Polonie$853661238300005066
=955  \7$aLiteratura polska$xhistoria$xnauczanie$2DBN
=980  \\$aArtykuły
=996  \\$a.b49709781$9local$z48OMNIS_NLOP
=998  \\$ao$9local$z48OMNIS_NLOP
=999  \\$aDBNd$bjka
  
