=LDR  01617naa a2200493 i 4500
=001  b0000004971978
=005  20221014143542.6
=008  151022s2015    pl           |000 0 pol  
=009  9910376272505606
=015  \\$aPrasa 2015/10/22
=035  \\$a991040538879705066
=035  \\$a(PL-WaBN)b49719786-48omnis_nlop
=035  \\$ab49719786
=035  \\$a(OCoLC)998679593
=040  \\$aŁ M$cŁ M$dWA N
=100  1\$aSoska, Michał$d(1982- )
=245  10$aKoniunkturalizm czy słabość na umyśle? /$cMichał Soska.
=260  \\$c20 X 2015.
=336  \\$aTekst$btxt$2rdacontent
=337  \\$aBez urządzenia pośredniczącego$bn$2rdamedia
=338  \\$aWolumin$bnc$2rdacarrier
=380  \\$aArtykuły
=520  8\$aDot. wypowiedzi pisarki Tokarczuk o Polakach jako "kolonizatorach", "właścicielach niewolników", "mordercach Żydów".
=600  17$aTokarczuk, Olga$d(1962- )$2DBN
=648  \7$a1901-2000$2DBN
=648  \7$a1989-2000$2DBN
=650  \7$aAntypolonizm$zPolska$y21 w.$2DBN
=650  \7$aLaureaci$2DBN
=650  \7$aNagroda Literacka "Nike"$2DBN
=658  \\$aLiteraturoznawstwo
=773  0\$iW:$tNasza Polska.$x1425-1914.$g2015, nr 42, s. 14$w(PL)b0000001612624
=909  \\$ab0000049719786
=915  \\$aPrasa 2015/10/22
=916  \\$aSoska, Michał   (1982- )
=958  \\$aLiteraturoznawstwo
=980  \\$aArtykuły
=996  \\$a.b49719786
=998  \\$ao
=999  \\$aŁ M$bWWM$cmp
  
