=LDR  02689naa a2200661 i 4500
=001  b0000004974005
=005  20221015175035.5
=008  151023s2012    pl           |000 0 pol  
=009  9910269981905606
=015  \\$aBZCz 2015/68995
=035  \\$a991040621629705066
=035  \\$a(PL-WaBN)b49740052-48omnis_nlop
=035  \\$ab49740052
=035  \\$a(OCoLC)998698004
=040  \\$aWA N$cWA N$dWA N
=041  0\$apol$bscr$beng
=080  \\$a80/81(045/046)
=100  1\$aMajdzik, Katarzyna$d(1984- )
=245  10$aOblicza melancholii :$b"Szafa" Olgi Tokarczuk i jej chorwacki przekład /$cKatarzyna Majdzik ; Wydział Filologiczny UŚ.
=260  \\$c2012.
=336  \\$aTekst$btxt$2rdacontent
=337  \\$aBez urządzenia pośredniczącego$bn$2rdamedia
=338  \\$aWolumin$bnc$2rdacarrier
=380  \\$aArtykuły
=546  \\$aStreszcz. chorw., ang.
=600  17$aTokarczuk, Olga$d(1962- ).$tSzafa$2DBN
=648  \7$a1901-2000$2DBN
=648  \7$a1989-2000$2DBN
=650  \7$aLiteratura polska$2DBN
=655  \7$aPowieść polska$xhistoria$yod 1989 r.$2DBN
=658  \\$aHistoria
=658  \\$aJęzykoznawstwo
=773  0\$iW:$tPrzekłady Literatur Słowiańskich.$x1899-9417.$gT. 3, cz. 1 (2012), s. 252-266
=909  \\$ab0000049740052
=915  \\$aBZCz 2015/68995
=916  \\$aMajdzik, Katarzyna   (1984- )
=931  \\$a80/81(045/046)
=935  \\$avtls000823565$9LOCAL$z48OMNIS_KUL
=950  \\$uhttps://eu05.alma.exlibrisgroup.com/view/uresolver/48OMNIS_NETWORK/openurl?u.ignore_date_coverage=true&portfolio_pid=53662722080005066&Force_direct=true$zZobacz w Polonie$853662722080005066
=950  \\$uhttps://eu05.alma.exlibrisgroup.com/view/uresolver/48OMNIS_NETWORK/openurl?u.ignore_date_coverage=true&portfolio_pid=53209499370006831&Force_direct=true$853209499370006831
=955  \7$aPowieść polska$xhistoria$yod 1989 r.$2DBN
=958  \\$aHistoria
=958  \\$aJęzykoznawstwo
=980  \\$aArtykuły
=996  \\$a.b49740052$9local$z48OMNIS_NLOP
=998  \\$ao$9local$z48OMNIS_NLOP
=999  \\$azzmer$bws$cws$x10$y2015
  
