=LDR  01409naa a2200445 i 4500
=001  b0000004986174
=005  20221015175133.2
=008  151030s2015    pl           |000 0 pol  
=009  9910214189105606
=015  \\$aPrasa 2015/10/30
=035  \\$a991041111759705066
=035  \\$a(PL-WaBN)b49861748-48omnis_nlop
=035  \\$ab49861748
=035  \\$a(OCoLC)998781069
=040  \\$aGD W$cGD W
=100  1\$aStanisławski, Wojciech
=245  10$aNasz ból :$bnasz i niczyj inny /$cWojciech Stanisławski.
=260  \\$c31 X - 1 XI 2015.
=336  \\$aTekst$btxt$2rdacontent
=337  \\$aBez urządzenia pośredniczącego$bn$2rdamedia
=338  \\$aWolumin$bnc$2rdacarrier
=380  \\$aArtykuły
=600  17$aTokarczuk, Olga$d(1962- )$2DBN
=648  \7$a1801-1900$2DBN
=648  \7$a1901-2000$2DBN
=650  \7$aEtnopsychologia$zPolska$y19-20 w.$2DBN
=650  \7$aPostawy$zPolska$y19-20 w.$2DBN
=650  \7$aPostawy$zPolska$y21 w.$2DBN
=773  0\$iW:$tGazeta Wyborcza (Gdańsk).$g2015, nr 255, s. 4-7$w(PL)b0000001620427
=909  \\$ab0000049861748
=915  \\$aPrasa 2015/10/30
=916  \\$aStanisławski, Wojciech   
=980  \\$aArtykuły
=996  \\$a.b49861748
=998  \\$ao
=999  \\$aGD W$bim$cjkr
  
