=LDR  01777naa a2200481 i 4500
=001  b0000004989116
=005  20221015175133.2
=008  151102s2015    pl           |000 0 pol  
=009  9910217699105606
=015  \\$aPrasa 2015/11/02
=035  \\$a991041235039705066
=035  \\$a(PL-WaBN)b49891169-48omnis_nlop
=035  \\$ab49891169
=035  \\$a(OCoLC)998868079
=040  \\$aWA N$cWA N$dWA N
=041  1\$apol$hund
=100  1\$aJergović, Miljenko$d(1966- )
=245  10$aOlga Tokarczuk jak Jakub Frank :$bPolska widziana z Chorwacji /$cMiljenko Jergović ; tł. Magdalena Petryńska.
=260  \\$c31 X - 1 XI 2015.
=336  \\$aTekst$btxt$2rdacontent
=337  \\$aBez urządzenia pośredniczącego$bn$2rdamedia
=338  \\$aWolumin$bnc$2rdacarrier
=380  \\$aArtykuły
=600  17$aTokarczuk, Olga$d(1962- ).$tKsięgi Jakubowe albo Wielka podróż przez siedem granic, pięć języków i trzy duże religie, nie licząc tych małych$2DBN
=648  \7$a2001-$2DBN
=650  \7$aLaureaci$2DBN
=650  \7$aMowa nienawiści$zPolska.$2DBN
=655  \7$aPowieść polska$xhistoria$y21 w.$2DBN
=658  \\$aLiteraturoznawstwo
=700  1\$aPetryńska, Magdalena$d(1940- )$eTł.
=773  0\$iW:$tGazeta Wyborcza (Wyd. zasadnicze).$x0860-908X.$g2015, nr 255, s. 27$w(PL)b0000001301576
=909  \\$ab0000049891169
=915  \\$aPrasa 2015/11/02
=916  \\$aJergović, Miljenko   (1966- )
=918  1\$aPetryńska, Magdalena$d(1940- )
=955  \7$aPowieść polska$xhistoria$y21 w.$2DBN
=958  \\$aLiteraturoznawstwo
=980  \\$aArtykuły
=996  \\$a.b49891169$9local$z48OMNIS_NLOP
=998  \\$ao$9local$z48OMNIS_NLOP
=999  \\$abzczp$bjkr$cjkr
  
