=LDR  01821naa a2200493 i 4500
=001  b0000004999877
=005  20221014143558.4
=008  151106s2015    pl           |000 0 pol  
=009  9910142859105606
=015  \\$aPrasa 2015/11/06
=035  \\$a991041637989705066
=035  \\$a(PL-WaBN)b49998778-48omnis_nlop
=035  \\$ab49998778
=035  \\$a(OCoLC)998925023
=040  \\$aKR M$cKR M
=100  1\$aTokarczuk, Olga$d(1962- )
=245  10$aBrakujące światy /$cOlga Tokarczuk ; rozm. przepr. Darek Foks.
=260  \\$c1 XI 2015.
=336  \\$aTekst$btxt$2rdacontent
=337  \\$aBez urządzenia pośredniczącego$bn$2rdamedia
=338  \\$aWolumin$bnc$2rdacarrier
=380  \\$aArtykuły
=520  8\$aWokół książki "Księgi Jakubowe". Skrócony zapis spotkania, które odbyło się podczas Festiwalu Conrada.
=600  17$aTokarczuk, Olga$d(1962- ).$tKsięgi Jakubowe albo Wielka podróż przez siedem granic, pięć języków i trzy duże religie, nie licząc tych małych$2DBN
=648  \7$a1901-2000$2DBN
=648  \7$a1989-2000$2DBN
=650  \7$aPisarze polscy$yod 1989 r.$2DBN
=655  \7$aLiteratura polska$xhistoria$y21 w.$2DBN
=700  1\$aFoks, Darek$d(1966- )
=773  0\$iW:$tTygodnik Powszechny : katolickie pismo społeczno-kulturalne.$x0041-4808.$g2015, nr 44, s. 90-91$w(PL)b0000001298071
=909  \\$ab0000049998778
=915  \\$aPrasa 2015/11/06
=916  \\$aTokarczuk, Olga   (1962- )
=918  1\$aFoks, Darek$d(1966- )
=955  \7$aLiteratura polska$xhistoria$y21 w.$2DBN
=980  \\$aArtykuły
=996  \\$a.b49998778
=998  \\$ao
=999  \\$aKR M$bkk$cjkr
  
