=LDR  01805naa a2200469 i 4500
=001  b0000005046742
=005  20211030063614.1
=008  151202s2013    pl           |000 0 pol  
=009  9910081936005606
=015  \\$aBZCz 2015/89503
=035  \\$a991043028649705066
=035  \\$a(PL-WaBN)b50467426-48omnis_nlop
=035  \\$ab50467426
=035  \\$a(OCoLC)999168318
=040  \\$aWA N$cWA N
=041  0\$apol$beng$blit
=080  \\$a821.162.1(091)(045/046)
=100  1\$aWzorek, Anna
=245  10$aOlgi Tokarczuk gra z regułami powieści kryminalnej :$b(na podstawie "Prowadź swój pług przez kości umarłych") /$cAnna Wzorek : Uniwersytet Jana Kochanowskiego w Kielcach. Instytut Filologii Polskiej. 
=260  \\$c2013.
=336  \\$aTekst$btxt$2rdacontent
=337  \\$aBez urządzenia pośredniczącego$bn$2rdamedia
=338  \\$aWolumin$bnc$2rdacarrier
=380  \\$aArtykuły
=504  \\$aBibliogr.
=546  \\$aStreszcz. ang., lit.
=600  17$aTokarczuk, Olga$d(1962- ).$tProwadź swój pług przez kości umarłych$2DBN
=648  \7$a2001-$2DBN
=655  \7$aPowieść polska$xhistoria$2DBN
=773  0\$iW:$tRespectus Philologicus.$x1392-8295.$gNr 24 (2013), s. 98-107
=902  \\$a180205$c151202$dm$eb$f-$g0
=909  \\$ab0000050467426
=915  \\$aBZCz 2015/89503
=916  \\$aWzorek, Anna   
=931  \\$a821.162.1(091)(045/046)
=950  \\$uhttps://eu.alma.exlibrisgroup.com/view/uresolver/48OMNIS_NETWORK/openurl?u.ignore_date_coverage=true&portfolio_pid=53662770870005066&Force_direct=true$zZobacz w Polonie$853662770870005066
=955  \7$aPowieść polska$xhistoria$2DBN
=980  \\$aArtykuły
=996  \\$a.b50467426$9local$z48OMNIS_NLOP
=998  \\$ao$9local$z48OMNIS_NLOP
=999  \\$azzmer$bmsz$x12$y2015
  
