=LDR  01765naa a2200505 i 4500
=001  b0000005047825
=005  20221015174909.2
=008  151203s2014    pl           |000 0 pol  
=009  9910178291205606
=015  \\$aBZCz 2015/89409
=035  \\$a991043061539705066
=035  \\$a(PL-WaBN)b50478254-48omnis_nlop
=035  \\$ab50478254
=035  \\$a(OCoLC)999174334
=040  \\$aWA N$cWA N
=041  0\$apol$beng
=080  \\$a821.162.1(091)(045/046)
=100  1\$aPrachnio, Piotr
=245  10$aProza Olgi Tokarczuk w perspektywie latynoamerykańskiego realizmu magicznego /$cPiotr Prachnio ; Uniwersytet Kardynała Stefana Wyszyńskiego w Warszawie. 
=260  \\$c2014.
=336  \\$aTekst$btxt$2rdacontent
=337  \\$aBez urządzenia pośredniczącego$bn$2rdamedia
=338  \\$aWolumin$bnc$2rdacarrier
=380  \\$aArtykuły
=504  \\$aBibliogr.
=546  \\$aStreszcz. ang.
=600  17$aCarpentier, Alejo$d(1904-1980)$2DBN
=600  17$aGarcía Márquez, Gabriel$d(1928-2014)$2DBN
=648  \7$a1901-2000$2DBN
=650  \7$aLiteratury Ameryki Łacińskiej$xhistoria$2DBN
=655  \7$aLiteratura polska$xhistoria$yod 1989 r.$2DBN
=773  0\$iW:$tNotatnik Multimedialny : rocznik dydaktyczno-literacki.$x2080-0169.$gR. 5, [nr] 1/2 (2012), s. 39-59
=909  \\$ab0000050478254
=915  \\$aBZCz 2015/89409
=916  \\$aPrachnio, Piotr   
=931  \\$a821.162.1(091)(045/046)
=955  \7$aLiteratura polska$xhistoria$yod 1989 r.$2DBN
=980  \\$aArtykuły
=996  \\$a.b50478254$9local$z48OMNIS_NLOP
=998  \\$ao$9local$z48OMNIS_NLOP
=999  \\$abzcz$bKPA$x12$y2015
  
