=LDR  02075ntd a2200529 i 4500
=001  b0000005100339
=005  20211030064716.8
=008  160114s1997    pl           |000 1dpol  
=009  9910332655605606
=035  \\$a991044675869705066
=035  \\$a(PL-WaBN)b51003399-48omnis_nlop
=035  \\$ab51003399
=035  \\$a(OCoLC)947159634
=040  \\$aWA N$cWA N
=100  1\$aOsiecka, Agnieszka$d(1936-1997)
=245  10$a[Materialy warsztatowe ze zbiorów Agnieszki Osieckiej].
=260  \\$a[Polska],$c[ante 1997].
=300  \\$a4 k. (4 dok) ;$c30x21 cm.
=336  \\$aTekst$btxt$2rdacontent
=337  \\$aBez urządzenia pośredniczącego$bn$2rdamedia
=338  \\$aWolumin$bnc$2rdacarrier
=340  \\$dDruk,$dkopia kserograficzna rękopisu.
=380  \\$aRękopisy
=388  1\$a1901-2000
=500  \\$aZawiera noty biograficzne Anny Bojarskiej, Krystyny Lars, Miry Kuś, Olgi Tokarczuk.
=546  \\$aJęz. pol.
=600  17$aBojarska, Anna$d(1946- )$2DBN
=600  17$aKuś, Mira$d(1948- )$2DBN
=600  17$aLars, Krystyna$d(1950- )$2DBN
=655  \7$aRękopisy polskie$y20 w.$2DBN
=700  1\$aOsiecka, Agnieszka$d(1936-1997)$eWłaściciel
=773  0\$tArchiwum Agnieszki Osieckiej
=852  \\$822524733230005066$j1$hRps AO 243$bBN_PL$p777i49955706$cbrkp$zUWAGA: z Archiwum Agnieszki Osieckiej
=902  \\$a171215$c160115$dm$et$f-$g0
=909  \\$ab0000051003399
=916  \\$aOsiecka, Agnieszka   (1936-1997)
=918  1\$aOsiecka, Agnieszka$d(1936-1997).
=955  \7$aRękopisy polskie$y20 w.$2DBN
=960  \\$aRps AO 243$bRps AO/C/VI/15/243$bRps akc. 21315$cbrkp $f2012$gAgata Passent$iZ0,00$l-$o11$xPOLONA 2017$yz Archiwum Agnieszki Osieckiej$9local$z48OMNIS_NLOP
=961  \\$aCALL NO: Rps AO 243$f2012$gAgata Passent$xPOLONA 2017$yz Archiwum Agnieszki Osieckiej$9local$z48OMNIS_NLOP
=980  \\$aRękopisy
=996  \\$a.b51003399$9local$z48OMNIS_NLOP
=998  \\$ao$av$9local$z48OMNIS_NLOP
=999  \\$aRps$bmr
  
