=LDR  01926naa a2200433 i 4500
=001  b0000005130553
=005  20221015174811.7
=008  160216s2015    pl           |000 0 pol  
=009  9910295337505606
=015  \\$aBZCz 2016/11624
=035  \\$a991045601479705066
=035  \\$a(PL-WaBN)b51305537-48omnis_nlop
=035  \\$ab51305537
=035  \\$a(OCoLC)998659998
=040  \\$aWA N$cWA N
=080  \\$a821.162.1(091)(045/046)
=100  1\$aMagryś, Roman
=245  10$aPonadnarodowa epopoja Olgi Tokarczuk /$cRoman Magryś.
=260  \\$c2015.
=336  \\$aTekst$btxt$2rdacontent
=337  \\$aBez urządzenia pośredniczącego$bn$2rdamedia
=338  \\$aWolumin$bnc$2rdacarrier
=380  \\$aArtykuły
=520  8\$aZawiera rec. książki: Księgi Jakubowe albo Wielka podróż przez siedem granic, pięć języków i trzy duże religie, nie licząc tych małych / Olga Tokarczuk. - Kraków, 2014.
=600  17$aTokarczuk, Olga$d(1962- ).$tKsięgi Jakubowe albo Wielka podróż przez siedem granic, pięć języków i trzy duże religie, nie licząc tych małych$2DBN
=655  \7$aRecenzja literacka$2DBN
=740  0\$aKsięgi Jakubowe albo Wielka podróż przez siedem granic, pięć języków i trzy duże religie, nie licząc tych małych - recenzja
=773  0\$iW:$tFraza : pismo literacko-społeczne.$x1230-4832.$gR. 24, nr 4 (2015), s. 297-299
=909  \\$ab0000051305537
=915  \\$aBZCz 2016/11624
=916  \\$aMagryś, Roman   
=931  \\$a821.162.1(091)(045/046)
=950  \\$uhttps://eu05.alma.exlibrisgroup.com/view/uresolver/48OMNIS_NETWORK/openurl?u.ignore_date_coverage=true&portfolio_pid=53665276050005066&Force_direct=true$zZobacz w Polonie$853665276050005066
=955  \7$aRecenzja literacka$2DBN
=980  \\$aArtykuły
=996  \\$a.b51305537$9local$z48OMNIS_NLOP
=998  \\$ao$9local$z48OMNIS_NLOP
=999  \\$azkd$bbzczmw$x02$y2016
  
