=LDR  02199naa a2200601 i 4500
=001  b0000005152075
=005  20221015174923.6
=008  160314s2014    pl           |000 0 ukro 
=009  9910250850105606
=015  \\$aBZCz 2016/18928
=035  \\$a991046302519705066
=035  \\$a(PL-WaBN)b51520758-48omnis_nlop
=035  \\$ab51520758
=035  \\$a(OCoLC)998798418
=040  \\$aWA N$cWA N
=041  0\$aukr$bpol$beng
=045  2\$bd1901$bd2014
=080  \\$a82(091)+82.0(045/046)
=100  1\$aKrupka, Miroslava Anatolìïvna
=245  10$aU pošukah vlasnogo časoprostoru :$bhronotop podorožì u tvorčostì ukraïns'kih i pol's'kih pis'mennic' /$cMiroslava Krupka.
=260  \\$c2014.
=336  \\$aTekst$btxt$2rdacontent
=337  \\$aBez urządzenia pośredniczącego$bn$2rdamedia
=338  \\$aWolumin$bnc$2rdacarrier
=380  \\$aArtykuły
=546  \\$aStreszcz. pol., ang.
=600  17$aTokarczuk, Olga$d(1962- ).$tBieguni$2DBN
=648  \7$a1901-2000$2DBN
=648  \7$a1989-2000$2DBN
=650  \7$aLiteratura polska$2DBN
=650  \7$aLiteratura ukraińska$2DBN
=650  \7$aPodróżnictwo$2DBN
=650  \7$aPowieść polska$2DBN
=650  \7$aPowieść ukraińska$2DBN
=658  \\$aLiteraturoznawstwo
=773  0\$iW:$tStudia Ukrainica Posnaniensia.$x2300-4754.$gZ. 2 (2014), s. 83-93$w(PL)b0000002907379
=909  \\$ab0000051520758
=915  \\$aBZCz 2016/18928
=916  \\$aKrupka, Miroslava Anatolìïvna   
=931  \\$a82(091)+82.0(045/046)
=945  2\$b1901$b2014
=950  \\$uhttps://eu05.alma.exlibrisgroup.com/view/uresolver/48OMNIS_NETWORK/openurl?u.ignore_date_coverage=true&portfolio_pid=53663185550005066&Force_direct=true$zZobacz w Polonie$853663185550005066
=958  \\$aLiteraturoznawstwo
=980  \\$aArtykuły
=996  \\$a.b51520758$9local$z48OMNIS_NLOP
=998  \\$ao$9local$z48OMNIS_NLOP
=999  \\$azkd$bbzczad$x03$y2016 
  
