=LDR  02168naa a2200601 i 4500
=001  b0000005163098
=005  20221014143542.6
=008  160325s2016    pl           |000 0 pol  
=009  9910394544005606
=015  \\$aBZCz 2016/12930
=035  \\$a991046600839705066
=035  \\$a(PL-WaBN)b51630989-48omnis_nlop
=035  \\$ab51630989
=035  \\$a(OCoLC)998225464
=040  \\$aWA N$cWA N$dWA N
=080  \\$a2(045/046)
=100  1\$aTokarczuk, Olga$d(1962- )
=245  10$aLiteratura, czyli odwieczny fejsbuk /$cz Olgą Tokarczuk rozmawia Janina Koźbiel.
=260  \\$c2016.
=336  \\$aTekst$btxt$2rdacontent
=337  \\$aBez urządzenia pośredniczącego$bn$2rdamedia
=338  \\$aWolumin$bnc$2rdacarrier
=380  \\$aArtykuły
=500  \\$aFragm. książki.
=600  17$aTokarczuk, Olga$d(1962- ).$tKsięgi Jakubowe albo Wielka podróż przez siedem granic, pięć języków i trzy duże religie, nie licząc tych małych$2DBN
=648  \7$a2001-$2DBN
=650  \7$aBóg$2DBN
=650  \7$aKultura$2DBN
=650  \7$aSacrum$2DBN
=655  \7$aPowieść polska$xhistoria$y21 w.$2DBN
=658  \\$aFilozofia i etyka
=700  1\$aKoźbiel, Janina$d(1955- )
=773  0\$iW:$tWięź.$x0511-9405.$gR. 59, nr 1 (2016), s. 222-232$w(PL)b0000001537390
=909  \\$ab0000051630989
=915  \\$aBZCz 2016/12930
=916  \\$aTokarczuk, Olga   (1962- )
=918  1\$aKoźbiel, Janina$d(1955- )
=931  \\$a2(045/046)
=950  \\$uhttps://eu05.alma.exlibrisgroup.com/view/uresolver/48OMNIS_NETWORK/openurl?u.ignore_date_coverage=true&portfolio_pid=53666432850005066&Force_direct=true$zZobacz w Polonie$853666432850005066
=955  \7$aPowieść polska$xhistoria$y21 w.$2DBN
=958  \\$aFilozofia i etyka
=980  \\$aArtykuły
=996  \\$a.b51630989$9local$z48OMNIS_NLOP
=998  \\$ao$9local$z48OMNIS_NLOP
=999  \\$azkd$bbzczamb$x03$y2016
  
