=LDR  02380naa a2200577 i 4500
=001  b0000005172919
=005  20221015174840.4
=008  160407s2014    pl           |000 0 pol  
=009  9910229742005606
=015  \\$aBZCz 2016/26215
=035  \\$a991046893799705066
=035  \\$a(PL-WaBN)b51729192-48omnis_nlop
=035  \\$ab51729192
=035  \\$a(OCoLC)998262610
=035  \\$axx005086384
=040  \\$aWA N$cWA N
=041  0\$apol$beng
=080  \\$a821.162.1(091)(045/046)
=100  1\$aŚwierkosz, Monika$d(1981- )
=245  10$a"Gdy rozum śpi budzą się... potwory" :$bmonstrualne przestrzenie w prozie Izabeli Filipiak i Olgi Tokarczuk /$cMonika Świerkosz.
=246  30$aMonstrualne przestrzenie w prozie Izabeli Filipiak i Olgi Tokarczuk
=260  \\$c2014.
=336  \\$aTekst$btxt$2rdacontent
=337  \\$aBez urządzenia pośredniczącego$bn$2rdamedia
=338  \\$aWolumin$bnc$2rdacarrier
=380  \\$aArtykuły
=500  \\$aTytuł nagłówkowy.
=504  \\$aBibliogr. s. 159.
=530  \\$aDostępne również w wersji elektronicznej.
=546  \\$aStreszcz. ang.
=600  17$aMorska, Izabela$d(1961- )$2DBN
=648  \7$a1901-2000$2DBN
=648  \7$a1989-2000$2DBN
=655  \7$aPowieść polska$xhistoria$yod 1989 r.$2DBN
=773  0\$iW:$tAnnales Universitatis Paedagogicae Cracoviensis. Studia Historicolitteraria.$x2081-1853.$g[Nr] 14 (2014), s. 149-159$w(PL)b0000002461521
=856  41$uhttp://hdl.handle.net/11716/8292
=909  \\$ab0000051729192
=915  \\$aBZCz 2016/26215
=916  \\$aŚwierkosz, Monika   (1981- )
=931  \\$a821.162.1(091)(045/046)
=935  \\$aUM2975692$9LOCAL$z48OMNIS_UMKWT
=950  \\$uhttps://eu05.alma.exlibrisgroup.com/view/uresolver/48OMNIS_NETWORK/openurl?u.ignore_date_coverage=true&portfolio_pid=53660240780005066&Force_direct=true$zZobacz w Polonie$853660240780005066
=955  \7$aPowieść polska$xhistoria$yod 1989 r.$2DBN
=980  \\$aArtykuły
=996  \\$a.b51729192$9local$z48OMNIS_NLOP
=998  \\$ao$9local$z48OMNIS_NLOP
=999  \\$azkd$bbzczkcm$cbw$x04$y2016
  
