=LDR  01641naa a2200457 i 4500
=001  b0000005176921
=005  20221015175118.8
=008  160412s2015    pl           |000 0 pol  
=009  9910418859205606
=015  \\$aBZCz 2016/26221
=035  \\$a991047012419705066
=035  \\$a(PL-WaBN)b51769219-48omnis_nlop
=035  \\$ab51769219
=035  \\$a(OCoLC)998284589
=040  \\$aWA N$cWA N
=080  \\$a821.162.1(091)(045/046)
=100  1\$aTokarczuk, Olga$d(1962- )
=245  10$aHistoria pewnej herezji :$bz Olgą Tokarczuk o "Księgach Jakubowych" rozmawia Kinga Dunin.
=260  \\$c2015.
=336  \\$aTekst$btxt$2rdacontent
=337  \\$aBez urządzenia pośredniczącego$bn$2rdamedia
=338  \\$aWolumin$bnc$2rdacarrier
=380  \\$aArtykuły
=600  17$aTokarczuk, Olga$d(1962- ).$tKsięgi Jakubowe albo Wielka podróż przez siedem granic, pięć języków i trzy duże religie, nie licząc tych małych$2DBN
=648  \7$a2001-$2DBN
=655  \7$aPowieść polska$xhistoria$y21 w.$2DBN
=700  1\$aDunin, Kinga$d(1954- )
=773  0\$iW:$tArterie (Łódź).$x1898-584X.$g2015, nr 1, s. 53-62$w(PL)b0000002058576
=909  \\$ab0000051769219
=915  \\$aBZCz 2016/26221
=916  \\$aTokarczuk, Olga   (1962- )
=918  1\$aDunin, Kinga$d(1954- )
=931  \\$a821.162.1(091)(045/046)
=955  \7$aPowieść polska$xhistoria$y21 w.$2DBN
=980  \\$aArtykuły
=996  \\$a.b51769219$9local$z48OMNIS_NLOP
=998  \\$ao$9local$z48OMNIS_NLOP
=999  \\$azkd$bbzczaw$x04$y2016
  
