=LDR  02004naa a2200517 i 4500
=001  b0000005207135
=005  20221015175021.1
=008  160517s2015    pl           |000 0 pol  
=009  9910419630805606
=015  \\$aBZCz 2016/33505
=035  \\$a991047923129705066
=035  \\$a(PL-WaBN)b52071352-48omnis_nlop
=035  \\$ab52071352
=035  \\$a(OCoLC)998476148
=040  \\$aWA N$cWA N
=041  0\$apol$beng
=080  \\$a821.162.1(091)(045/046)
=100  1\$aGalant, Arleta$d(1977- )
=245  10$aThere are no/mad women in this attic :$bo książce Moniki Świerkosz "W przestrzeni tradycji : proza Izabeli Filipiak i Olgi Tokarczuk w sporach o literaturę, kanon i feminizm" /$cArleta Galant ; Uniwersytet Szczeciński.
=246  30$aO książce Moniki Świerkosz "W przestrzeni tradycji : proza Izabeli Filipiak i Olgi Tokarczuk w sporach o literaturę, kanon i feminizm"
=260  \\$c2015.
=336  \\$aTekst$btxt$2rdacontent
=337  \\$aBez urządzenia pośredniczącego$bn$2rdamedia
=338  \\$aWolumin$bnc$2rdacarrier
=380  \\$aArtykuły
=504  \\$aBibliogr. s. 106.
=546  \\$aStreszcz. ang.
=600  17$aMorska, Izabela$d(1961- )$2DBN
=600  17$aŚwierkosz, Monika$d(1981- ).$tW przestrzeni tradycji$2DBN
=648  \7$a1901-2000$2DBN
=648  \7$a1989-2000$2DBN
=650  \7$aFeminizm$xw literaturze polskiej$2DBN
=655  \7$aPowieść polska$xtematyka$yod 1989 r.$2DBN
=773  0\$iW:$tWielogłos : pismo Wydziału Polonistyki UJ.$x1897-1962.$g2015, nr 1, s. 99-106$w(PL)b0000001895488
=909  \\$ab0000052071352
=915  \\$aBZCz 2016/33505
=916  \\$aGalant, Arleta   (1977- )
=931  \\$a821.162.1(091)(045/046)
=955  \7$aPowieść polska$xtematyka$yod 1989 r.$2DBN
=980  \\$aArtykuły
=996  \\$a.b52071352$9local$z48OMNIS_NLOP
=998  \\$ao$9local$z48OMNIS_NLOP
=999  \\$azkd$bbzczad$x05$y2016
  
