=LDR  01470naa a2200445 i 4500
=001  b0000005213104
=005  20221015174938.0
=008  160523s2015    pl           |000 0 pol  
=009  9910276616505606
=015  \\$aBZCz 2016/33744
=035  \\$a991048104189705066
=035  \\$a(PL-WaBN)b5213104x-48omnis_nlop
=035  \\$ab5213104x
=035  \\$a(OCoLC)998518276
=040  \\$aWA N$cWA N
=041  0\$apol$beng
=080  \\$a821.162.1(091)(045/046)
=100  1\$aTrygar, Barbara$d(1986- )
=245  10$aPost-fenomenologiczna narracja w powieści "Bieguni" Olgi Tokarczuk /$cBarbara Trygar.
=260  \\$c2015.
=336  \\$aTekst$btxt$2rdacontent
=337  \\$aBez urządzenia pośredniczącego$bn$2rdamedia
=338  \\$aWolumin$bnc$2rdacarrier
=380  \\$aArtykuły
=546  \\$aStreszcz. ang.
=600  17$aTokarczuk, Olga$d(1962- ).$tBieguni$2DBN
=648  \7$a2001-$2DBN
=650  \7$aNarracja$xw literaturze polskiej$2DBN
=655  \7$aPowieść polska$xtematyka$y21 w.$2DBN
=773  0\$iW:$tTematy i Konteksty.$x2299-8365.$g2015, nr 5, s. 18-30$w(PL)b0000002916122
=909  \\$ab000005213104x
=915  \\$aBZCz 2016/33744
=916  \\$aTrygar, Barbara   (1986- )
=931  \\$a821.162.1(091)(045/046)
=955  \7$aPowieść polska$xtematyka$y21 w.$2DBN
=980  \\$aArtykuły
=996  \\$a.b5213104x$9local$z48OMNIS_NLOP
=998  \\$ao$9local$z48OMNIS_NLOP
=999  \\$azkd$bbzczdu$x05$y2016
  
