=LDR  01853naa a2200505 i 4500
=001  b0000005214970
=005  20221014143459.1
=008  160525s2015    pl           |000 0 pol  
=009  9910006270505606
=015  \\$aBZCz 2016/33549
=035  \\$a991048160599705066
=035  \\$a(PL-WaBN)b52149705-48omnis_nlop
=035  \\$ab52149705
=035  \\$a(OCoLC)998530684
=040  \\$aWA N$cWA N
=041  0\$apol$beng
=080  \\$a821.162.1(091)(045/046)
=100  1\$aKantner, Katarzyna$d(1984- )
=245  10$aKim jest autor? :$bliteratura jako gra i wróżba : (koncepcje autorstwa Olgi Tokarczuk) /$cKatarzyna Kantner ; Uniwersytet Jagielloński.
=246  30$aLiteratura jako gra i wróżba :$b(koncepcje autorstwa Olgi Tokarczuk)
=260  \\$c2015.
=336  \\$aTekst$btxt$2rdacontent
=337  \\$aBez urządzenia pośredniczącego$bn$2rdamedia
=338  \\$aWolumin$bnc$2rdacarrier
=380  \\$aArtykuły
=546  \\$aStreszcz. ang.
=600  17$aTokarczuk, Olga$d(1962- )$2DBN
=648  \7$a1901-2000$2DBN
=648  \7$a1989-2000$2DBN
=650  \7$aAluzja literacka$xw literaturze polskiej$2DBN
=650  \7$aAutorstwo$xw literaturze polskiej.$2DBN
=655  \7$aLiteratura polska$xhistoria$yod 1989 r.$2DBN
=773  0\$iW:$tTekstualia : palimpsesty literackie, artystyczne, naukowe.$x1734-6029.$g2015, nr 3, s. 179-188$w(PL)b0000001764433
=909  \\$ab0000052149705
=915  \\$aBZCz 2016/33549
=916  \\$aKantner, Katarzyna   (1984- )
=931  \\$a821.162.1(091)(045/046)
=955  \7$aLiteratura polska$xhistoria$yod 1989 r.$2DBN
=980  \\$aArtykuły
=996  \\$a.b52149705$9local$z48OMNIS_NLOP
=998  \\$ao$9local$z48OMNIS_NLOP
=999  \\$azkd$bbzczad$x05$y2016 
  
