=LDR  01503naa a2200445 i 4500
=001  b0000005221578
=005  20221015174952.3
=008  160602s2014    pl           |000 0 pol  
=009  9910173319105606
=015  \\$aBZCz 2016/41255
=035  \\$a991048361489705066
=035  \\$a(PL-WaBN)b52215787-48omnis_nlop
=035  \\$ab52215787
=035  \\$a(OCoLC)998578374
=040  \\$aWA N$cWA N
=041  0\$apol$beng
=080  \\$a821.162.1(091)(045/046)
=100  1\$aLarenta, Anna
=245  10$aLabirynt jako przestrzeń mityczna w "Biegunach" Olgi Tokarczuk /$cAnna Larenta ; Uniwersytet w Białymstoku.
=260  \\$c2014.
=336  \\$aTekst$btxt$2rdacontent
=337  \\$aBez urządzenia pośredniczącego$bn$2rdamedia
=338  \\$aWolumin$bnc$2rdacarrier
=380  \\$aArtykuły
=546  \\$aStreszcz. ang.
=600  17$aTokarczuk, Olga$d(1962- ).$tBieguni$2DBN
=648  \7$a2001-$2DBN
=650  \7$aMitologia$xw literaturze polskiej$2DBN
=655  \7$aPowieść polska$xtematyka$y21 w.$2DBN
=773  0\$iW:$tBiałostockie Studia Literaturoznawcze : BSL.$x2082-9701.$g[T.] 5 (2014), s. 341-356$w(PL)b0000002666996
=909  \\$ab0000052215787
=915  \\$aBZCz 2016/41255
=916  \\$aLarenta, Anna   
=931  \\$a821.162.1(091)(045/046)
=955  \7$aPowieść polska$xtematyka$y21 w.$2DBN
=980  \\$aArtykuły
=996  \\$a.b52215787$9local$z48OMNIS_NLOP
=998  \\$ao$9local$z48OMNIS_NLOP
=999  \\$azkd$bbzczdu$x06$y2016
  
