=LDR  01739naa a2200421 i 4500
=001  b0000005222758
=005  20230113140914.5
=008  160603s2015    pl       o   |000 0 pol  
=009  9910269897405606
=015  \\$aBZCz 2016/41363
=035  \\$a991048397889705066
=035  \\$a(PL-WaBN)b52227583-48omnis_nlop
=035  \\$ab52227583
=035  \\$a(OCoLC)998585803
=040  \\$aWA N$cWA N
=080  \\$a821.162.1(091)(045/046)
=100  1\$aSadkowski, Wacław$d(1933-2023)
=245  10$aWydłużenie perspektywy /$cWacław Sadkowski.
=260  \\$c2015.
=336  \\$aTekst$btxt$2rdacontent
=337  \\$aBez urządzenia pośredniczącego$bn$2rdamedia
=338  \\$aWolumin$bnc$2rdacarrier
=380  \\$aArtykuły
=520  8\$aZawiera rec. książki: Księgi Jakubowe albo Wielka podróż przez siedem granic, pięć języków i trzy duże religie, nie licząc tych małych / Olga Tokarczuk. - Kraków, 2014.
=600  17$aTokarczuk, Olga$d(1962- ).$tKsięgi Jakubowe albo Wielka podróż przez siedem granic, pięć języków i trzy duże religie, nie licząc tych małych$2DBN
=655  \7$aRecenzja literacka$2DBN
=740  0\$aKsięgi Jakubowe albo Wielka podróż przez siedem granic, pięć języków i trzy duże religie, nie licząc tych małych - recenzja
=773  0\$iW:$tRes Humana.$x0867-874X.$gR. 23[24], nr 5 (2015), s. 28-30$w(PL)b0000001296819
=909  \\$ab0000052227583
=915  \\$aBZCz 2016/41363
=916  \\$aSadkowski, Wacław   (1933- )
=931  \\$a821.162.1(091)(045/046)
=955  \7$aRecenzja literacka$2DBN
=980  \\$aArtykuły
=996  \\$a.b52227583$9local$z48OMNIS_NLOP
=998  \\$ao$9local$z48OMNIS_NLOP
=999  \\$azkd$bbzczws$x06$y2016
  
