=LDR  01473naa a2200433 i 4500
=001  b0000005234216
=005  20221015175050.0
=008  160615s2015    pl           |000 0 pol  
=009  9910369583705606
=035  \\$a991048747029705066
=035  \\$a(PL-WaBN)b52342165-48omnis_nlop
=035  \\$ab52342165
=035  \\$a(OCoLC)998659461
=040  \\$aWA N$cWA N
=041  0\$apol$beng
=080  \\$a821.162.1(091)(045/046)
=100  1\$aLarenta, Anna
=245  10$aLiteratura wytwarzająca miejsce :$bperformatywność utworów Olgi Tokarczuk na przykładzie opowiadania "Bardo. Szopka" /$cAnna Lorenta ; Uniwersytet w Białymstoku.
=260  \\$c2015.
=336  \\$aTekst$btxt$2rdacontent
=337  \\$aBez urządzenia pośredniczącego$bn$2rdamedia
=338  \\$aWolumin$bnc$2rdacarrier
=380  \\$aArtykuły
=546  \\$aStreszcz. ang.
=600  17$aTokarczuk, Olga$d(1962- )$2DBN
=648  \7$a1901-2000$2DBN
=648  \7$a1989-2000$2DBN
=650  \7$aOpowiadanie polskie$xtematyka$yod 1989 r.$2DBN
=773  0\$iW:$tPrzestrzenie geo(bio)graficzne w literaturze.$gs. 317-332$w(PL)b0000005228450
=909  \\$ab0000052342165
=916  \\$aLarenta, Anna   
=931  \\$a821.162.1(091)(045/046)
=980  \\$aArtykuły
=996  \\$a.b52342165$9local$z48OMNIS_NLOP
=998  \\$ao$9local$z48OMNIS_NLOP
=999  \\$azkd$bartzwpp$c6rs
  
