=LDR  01616naa a2200469 i 4500
=001  b0000005243194
=005  20221014143614.2
=008  160624s2016    pl           |000 0 pol  
=009  9910043246705606
=035  \\$a991049018569705066
=035  \\$a(PL-WaBN)b52431940-48omnis_nlop
=035  \\$ab52431940
=035  \\$a(OCoLC)998719868
=040  \\$aWA N$cWA N
=041  0\$apol$beng
=080  \\$a1(045/046)
=100  1\$aKerlin, Agnieszka
=245  10$aMetafora samotnego istnienia :$bo dialogu człowieka ze światem w kontekście współczesnych rozmyślań twórczych /$cAgnieszka Kerlin ; Uniwersytet Gdański.
=260  \\$c2016.
=336  \\$aTekst$btxt$2rdacontent
=337  \\$aBez urządzenia pośredniczącego$bn$2rdamedia
=338  \\$aWolumin$bnc$2rdacarrier
=380  \\$aArtykuły
=546  \\$aStreszcz. ang.
=600  17$aTokarczuk, Olga$d(1962- ).$tE. E.$l(pol.)$2DBN
=648  \7$a1901-2000$2DBN
=650  \7$aSamotność$xfilozofia$2DBN
=655  \7$aPowieść polska$xtematyka$yod 1989 r.$2DBN
=773  0\$iW:$tSamotność : aspekty, konteksty, wymiary. T. 2.$gs. 72-80$w(PL)b0000005242387
=909  \\$ab0000052431940
=916  \\$aKerlin, Agnieszka   
=931  \\$a1(045/046)
=955  \7$aPowieść polska$xtematyka$yod 1989 r.$2DBN
=980  \\$aArtykuły
=996  \\$a.b52431940$9local$z48OMNIS_NLOP
=998  \\$ao$9local$z48OMNIS_NLOP
=999  \\$azkd$bartzwjg$c6rs
  
