=LDR  01497naa a2200457 i 4500
=001  b0000005243785
=005  20221014143558.4
=008  160624s2016    pl           |000 0 pol  
=009  9910333121805606
=015  \\$aPrasa 2016/06/24
=035  \\$a991049036839705066
=035  \\$a(PL-WaBN)b52437851-48omnis_nlop
=035  \\$ab52437851
=035  \\$a(OCoLC)998723626
=040  \\$aLUBL M$cLUBL M
=100  1\$aTokarczuk, Olga$d(1962- )
=245  10$aWalka o przeszłość /$cOlga Tokarczuk ; rozmawiała Justyna Sobolewska.
=260  \\$c8-14 VI 2016.
=336  \\$aTekst$btxt$2rdacontent
=337  \\$aBez urządzenia pośredniczącego$bn$2rdamedia
=338  \\$aWolumin$bnc$2rdacarrier
=380  \\$aArtykuły
=600  17$aTokarczuk, Olga$d(1962- )$2DBN
=648  \7$a2001-$2DBN
=655  \7$aLiteratura polska$xhistoria$y21 w.$2DBN
=700  1\$aSobolewska, Justyna$d(1972- )
=773  0\$iW:$tPolityka (Warszawa ; 1957).$x0032-3500.$g2016, nr 24, s. 84-86$w(PL)b0000001481990
=909  \\$ab0000052437851
=915  \\$aPrasa 2016/06/24
=916  \\$aTokarczuk, Olga   (1962- )
=918  1\$aSobolewska, Justyna$d(1972- )
=955  \7$aLiteratura polska$xhistoria$y21 w.$2DBN
=980  \\$aArtykuły
=996  \\$a.b52437851
=998  \\$ao
=999  \\$aLUBL M$bKM$cjkr
  
