=LDR  01883naa a2200493 i 4500
=001  b0000005279953
=005  20221015174923.6
=008  160805s2016    pl       o   |000 0 pol  
=009  9910315395305606
=015  \\$aPrasa 2016/08/05
=035  \\$a991050139079705066
=035  \\$a(PL-WaBN)b52799530-48omnis_nlop
=035  \\$ab52799530
=035  \\$a(OCoLC)998445325
=040  \\$aWA N$cWA N
=100  1\$aMiłkowski, Tomasz$d(1947- )
=245  10$aAnty-Sienkiewicz albo wróg publiczny /$cTomasz Miłkowski.
=260  \\$c5-7 VIII 2016.
=336  \\$aTekst$btxt$2rdacontent
=337  \\$aBez urządzenia pośredniczącego$bn$2rdamedia
=338  \\$aWolumin$bnc$2rdacarrier
=380  \\$aArtykuły
=520  8\$aWokól "Ksiąg Jakubowych" oraz ich inscenizacji w Teatrze Powszechnym w Warszawie.
=600  17$aMarciniak, Ewelina$d(1984- )$2DBN
=610  27$aTeatr Powszechny im. Zygmunta Hübnera (Warszawa)$2DBN
=648  \7$a1901-2000$2DBN
=648  \7$a1989-2000$2DBN
=650  \7$aPisarze polscy$yod 1989 r.$2DBN
=651  \7$aWarszawa (woj. mazowieckie)$xteatr$y21 w.$2DBN
=655  \7$aLiteratura polska$xhistoria$y21 w.$2DBN
=773  0\$iW:$tDziennik Trybuna.$x2300-3197.$g2016, nr 155, s. 19$w(PL)b0000002890472
=909  \\$ab0000052799530
=915  \\$aPrasa 2016/08/05
=916  \\$aMiłkowski, Tomasz   (1947- )
=951  \7$aWarszawa (woj. mazowieckie)$xteatr$y21 w.$2DBN
=955  \7$aLiteratura polska$xhistoria$y21 w.$2DBN
=980  \\$aArtykuły
=996  \\$a.b52799530$9local$z48OMNIS_NLOP
=998  \\$ao$9local$z48OMNIS_NLOP
=999  \\$azkd$bbzczpmp
  
