=LDR  01987naa a2200493 i 4500
=001  b0000005281701
=005  20221015174952.3
=008  160808s2015    pl           |000 0 ruso 
=009  9910231031805606
=015  \\$aBZCz 2016/54195
=035  \\$a991050192829705066
=035  \\$a(PL-WaBN)b52817015-48omnis_nlop
=035  \\$ab52817015
=035  \\$a(OCoLC)998456798
=040  \\$aWA N$cWA N
=041  0\$arus$beng$bpol
=080  \\$a821.162.1(091)(045/046)
=100  1\$aŠarapova, Ekaterina
=245  10$aMagičeskij realizm v romanah Ol'gi Tokarčuk :$b"Pravek i drugie vremena", "Put' Lûdej Knigi", "Dom dnevnoj, dom nočnoj" /$cEkaterina Sharapova ; UMCS Lublin.
=260  \\$c2015.
=336  \\$aTekst$btxt$2rdacontent
=337  \\$aBez urządzenia pośredniczącego$bn$2rdamedia
=338  \\$aWolumin$bnc$2rdacarrier
=380  \\$aArtykuły
=504  \\$aBibliogr. s. 209-210.
=546  \\$aStreszcz. ang., pol.
=600  17$aTokarczuk, Olga$d(1962- ).$tDom dzienny, dom nocny$2DBN
=600  17$aTokarczuk, Olga$d(1962- ).$tPodróż Ludzi Księgi$2DBN
=648  \7$a1901-2000$2DBN
=650  \7$aMagia$xw literaturze polskiej$2DBN
=655  \7$aPowieść polska$xtematyka$y20 w.$2DBN
=773  0\$iW:$tActa Humana : artykuły, recenzje, wydarzenia naukowe.$x2082-4459.$g2015, nr 6, s. 195-210$w(PL)b0000002587470
=909  \\$ab0000052817015
=915  \\$aBZCz 2016/54195
=916  \\$aŠarapova, Ekaterina   
=931  \\$a821.162.1(091)(045/046)
=950  \\$uhttps://eu05.alma.exlibrisgroup.com/view/uresolver/48OMNIS_NETWORK/openurl?u.ignore_date_coverage=true&portfolio_pid=53660232430005066&Force_direct=true$zZobacz w Polonie$853660232430005066
=955  \7$aPowieść polska$xtematyka$y20 w.$2DBN
=980  \\$aArtykuły
=996  \\$a.b52817015$9local$z48OMNIS_NLOP
=998  \\$ao$9local$z48OMNIS_NLOP
=999  \\$azkd$bbzczdu$x08$y2016
  
