=LDR  02039naa a2200493 i 4500
=001  b0000005283469
=005  20221015175050.0
=008  160810s2016    pl       o   |000 0 pol  
=009  9910317105605606
=015  \\$aBZCz 2016/53485
=035  \\$a991050246179705066
=035  \\$a(PL-WaBN)b52834694-48omnis_nlop
=035  \\$ab52834694
=035  \\$a(OCoLC)998468475
=040  \\$aWA N$cWA N
=080  \\$a792(045/046)
=100  1\$aKatafiasz, Olga
=245  10$aZ czego powstaje opowieść /$cOlga Katafiasz.
=260  \\$c2016.
=336  \\$aTekst$btxt$2rdacontent
=337  \\$aBez urządzenia pośredniczącego$bn$2rdamedia
=338  \\$aWolumin$bnc$2rdacarrier
=380  \\$aArtykuły
=520  8\$aZawiera rec. przedstawienia: Księgi Jakubowe / Olga Tokarczuk ; reż. Ewelina Marciniak ; Teatr Powszechny im. Zygmunta Hübnera, Warszawa.
=600  17$aMarciniak, Ewelina$d(1984- )$2DBN
=610  27$aTeatr Powszechny im. Zygmunta Hübnera (Warszawa)$2DBN
=648  \7$a2001-$2DBN
=651  \7$aWarszawa (woj. mazowieckie)$xteatr$y21 w.$2DBN
=655  \7$aRecenzja teatralna$2DBN
=740  0\$aKsięgi Jakubowe - recenzja
=773  0\$iW:$tDidaskalia : gazeta teatralna.$x1233-0477.$gNr 133/134 (2016), s. 115-117$w(PL)b0000001303704
=909  \\$ab0000052834694
=915  \\$aBZCz 2016/53485
=916  \\$aKatafiasz, Olga   
=931  \\$a792(045/046)
=950  \\$uhttps://eu05.alma.exlibrisgroup.com/view/uresolver/48OMNIS_NETWORK/openurl?u.ignore_date_coverage=true&portfolio_pid=53668698800005066&Force_direct=true$zZobacz w Polonie$853668698800005066
=951  \7$aWarszawa (woj. mazowieckie)$xteatr$y21 w.$2DBN
=955  \7$aRecenzja teatralna$2DBN
=980  \\$aArtykuły
=996  \\$a.b52834694$9local$z48OMNIS_NLOP
=998  \\$ao$9local$z48OMNIS_NLOP
=999  \\$azkd$bbzczdu$x08$y2016
  
