=LDR  03641nam a2201033 i 4500
=001  b0000005300536
=005  20211124184344.1
=008  160901s2008    pl o         |000 0 pol  
=009  9910456208405606
=015  \\$aUWD 2021/27937
=020  \\$a9788392242222$q(oprawa miękka)
=035  \\$a991050770929705066
=035  \\$a(PL-WaBN)b53005363-48omnis_nlop
=035  \\$ab53005363
=035  \\$a(OCoLC)803306695
=040  \\$aWA N$cWA N$dWA N
=041  1\$apol$hger
=045  2\$bd1961$bd2008
=046  \\$k2008
=080  \\$81.1\x$a821.162.1(091)"20"
=080  \\$81.2\x$a821.112.2(091)"20"
=084  \\$a11
=245  00$aNagroda Miast Partnerskich Torunia i Getyngi im. Samuela Bogumiła Lindego 2007 i 2008 /$c[opracowanie: Anna Filipska ; przekład z języka niemieckiego: Józef Jarosz, Magdalena Zubiel-Kasprowicz, Beata Suchenek].
=260  \\$aToruń :$bAgencja Autorska Ananke,$ccopyright 2008.
=300  \\$a47 stron :$bfotografie ;$c22 cm.
=336  \\$aTekst$btxt$2rdacontent
=337  \\$aBez urządzenia pośredniczącego$bn$2rdamedia
=338  \\$aWolumin$bnc$2rdacarrier
=380  \\$aKsiążki
=380  \\$aLiteratura faktu, eseje, publicystyka
=546  \\$aCzęść tekstu w przekładzie z języka niemieckiego.
=600  17$aKirsch, Sarah$d(1935-2013)$2DBN
=600  17$aLipska, Ewa$d(1945- )$2DBN
=600  17$aSchulze, Ingo$d(1962- )$2DBN
=648  \7$a1901-2000$2DBN
=648  \7$a1945-1989$2DBN
=648  \7$a1989-2000$2DBN
=650  \7$aLaureaci$2DBN
=650  \7$aLiteratura niemiecka$2DBN
=650  \7$aLiteratura polska$2DBN
=655  \7$aBroszura$2DBN
=655  \7$aLaudacja$2DBN
=658  \\$aHistoria
=700  1\$aFilipska, Anna$eOpracowanie
=700  1\$aJarosz, Józef$d(1950- )$eTłumaczenie
=700  1\$aZubiel-Kasprowicz, Magdalena$eTłumaczenie
=710  2\$aAgencja Autorska Ananke$eWydawca$4pbl
=852  \\$822506500480005066$j1$h3.170.010 A$bBN_PL$p30001025382172$cbk1
=852  \\$822332749320006926$j1$hXVII-3/a$bTORU$pmq773409$cDZS_bg
=902  \\$a180621$c160901$dm$eu$f-$g0
=909  \\$ab0000053005363
=915  \\$aUWD 2021/27937
=918  1\$aFilipska, Anna
=918  1\$aJarosz, Józef$d(1950- )
=918  1\$aZubiel-Kasprowicz, Magdalena
=920  \\$a978-83-922422-2-2 (oprawa miękka)
=921  2\$aAgencja Autorska Ananke
=923  \\$aAgencja Autorska Ananke
=931  \\$a821.162.1(091)"20"
=931  \\$a821.112.2(091)"20"
=935  \\$aUM773409$9LOCAL$z48OMNIS_UMKWT
=945  2\$b1961$b2008
=946  \\$k2008
=955  \7$aBroszura$2DBN
=955  \7$aLaudacja$2DBN
=958  \\$aHistoria
=960  \\$aDŻS XVII 9a$cbdz$iZ0,00$l-$o6$9local$z48OMNIS_NLOP
=961  \\$aCALL NO: DŻS XVII 9a$9local$z48OMNIS_NLOP
=980  \\$aKsiążki
=980  \\$aLiteratura faktu, eseje, publicystyka
=996  \\$a.b53005363$9local$z48OMNIS_NLOP
=998  \\$ao$9local$z48OMNIS_NLOP
=999  \\$adżs$bar$adżsp$bar$aBNzkdkwd2921$ban$xuwd35a$y21
  
