=LDR  01826naa a2200481 i 4500
=001  b0000005337080
=005  20221014143443.3
=008  161011s2016    pl       o   |000 0 pol  
=009  9910122694705606
=015  \\$aBZCz 2016/68958
=035  \\$a991051888229705066
=035  \\$a(PL-WaBN)b53370806-48omnis_nlop
=035  \\$ab53370806
=035  \\$a(OCoLC)998856506
=040  \\$aWA N$cWA N
=080  \\$a792(045/046)
=100  1\$aSkrzydelski, Przemysław
=245  10$aOszukać czas /$cPrzemysław Skrzydelski.
=260  \\$c2016.
=336  \\$aTekst$btxt$2rdacontent
=337  \\$aBez urządzenia pośredniczącego$bn$2rdamedia
=338  \\$aWolumin$bnc$2rdacarrier
=380  \\$aArtykuły
=520  8\$aZawiera rec. przedstawienia: Księgi Jakubowe / Olga Tokarczuk ; reż. Ewelina Marciniak ; Teatr Powszechny im. Zygmunta Hübnera, Warszawa.
=600  17$aMarciniak, Ewelina$d(1984- )$2DBN
=610  27$aTeatr Powszechny im. Zygmunta Hübnera (Warszawa)$2DBN
=648  \7$a2001-$2DBN
=651  \7$aWarszawa (woj. mazowieckie)$xteatr$y21 w.$2DBN
=655  \7$aRecenzja teatralna$2DBN
=740  0\$aKsięgi Jakubowe - recenzja
=773  0\$iW:$tTeatr (Warszawa).$x0040-0769.$g2016, nr 7/8, s. 82-83$w(PL)b0000001503544
=909  \\$ab0000053370806
=915  \\$aBZCz 2016/68958
=916  \\$aSkrzydelski, Przemysław   
=931  \\$a792(045/046)
=951  \7$aWarszawa (woj. mazowieckie)$xteatr$y21 w.$2DBN
=955  \7$aRecenzja teatralna$2DBN
=980  \\$aArtykuły
=996  \\$a.b53370806$9local$z48OMNIS_NLOP
=998  \\$ao$9local$z48OMNIS_NLOP
=999  \\$azkd$bbzczaw$x10$y2016
  
