=LDR  02660naa a2200565 i 4500
=001  b0000005350845
=005  20221014143511.1
=008  161025s2011    pl           |000 0 pol  
=009  9910083114505606
=015  \\$aBZCz 2016/70063
=035  \\$a991000406349705066
=035  \\$a(PL-WaBN)b53508452-48omnis_nlop
=035  \\$ab53508452
=035  \\$a(OCoLC)998927643
=040  \\$aWA N$cWA N
=041  0\$apol$beng
=080  \\$a82(091)+82.0(045/046)
=100  1\$aWróbel, Iwona$c(filolog)
=245  10$aMiędzy realnym i niesamowitym :$bkreacja światów przedstawionych w opowiadaniach Olgi Tokarczuk ("Szafa") i Angeli Carter ("Fireworks") = Between the reality and miracle : creation of the featured worlds in the stories of Olga Tokarczuk ("Wardrobe") and Angela Carter ("Fireworks") /$cIwona Wróbel.
=246  30$aCreation of the featured worlds in the stories of Olga Tokarczuk ("Wardrobe") and Angela Carter ("Fireworks")
=246  30$aKreacja światów przedstawionych w opowiadaniach Olgi Tokarczuk ("Szafa") i Angeli Carter ("Fireworks")
=260  \\$c2011.
=336  \\$aTekst$btxt$2rdacontent
=337  \\$aBez urządzenia pośredniczącego$bn$2rdamedia
=338  \\$aWolumin$bnc$2rdacarrier
=380  \\$aArtykuły
=504  \\$aBibliogr. s. 309-311.
=546  \\$aStreszcz. ang.
=600  17$aCarter, Angela$d(1940-1992)$2DBN
=650  \7$aRealizm magiczny$xliteratura angielska$2DBN
=655  \7$aOpowiadanie angielskie$xstylistyka$2DBN
=773  0\$iW:$tPodkarpackie Forum Filologiczne. Seria: Literatura i Kultura.$x2081-9048.$g2011, s. 299-311$w(PL)b0000002541794
=909  \\$ab0000053508452
=915  \\$aBZCz 2016/70063
=916  \\$aWróbel, Iwona  (filolog) 
=931  \\$a82(091)+82.0(045/046)
=950  \\$uhttps://eu05.alma.exlibrisgroup.com/view/uresolver/48OMNIS_NETWORK/openurl?u.ignore_date_coverage=true&portfolio_pid=53663453490005066&Force_direct=true$zZobacz w Polonie$853663453490005066
=955  \7$aOpowiadanie angielskie$xstylistyka$2DBN
=980  \\$aArtykuły
=996  \\$a.b53508452$9local$z48OMNIS_NLOP
=998  \\$ao$9local$z48OMNIS_NLOP
=999  \\$azkd$bbzczad$x10$y2016 
  
