=LDR  01401naa a2200421 i 4500
=001  b0000005358968
=005  20221015175050.0
=008  161103s2014    pl           |000 0 pol  
=009  9910425834005606
=035  \\$a991000735049705066
=035  \\$a(PL-WaBN)b53589683-48omnis_nlop
=035  \\$ab53589683
=035  \\$a(OCoLC)998973379
=040  \\$aWA N$cWA N
=080  \\$a821.162.1(091)(045/046)
=100  1\$aDarska, Bernadetta$d(1978- )
=245  10$aMiędzy realnością a mitem :$bo twórczości Olgi Tokarczuk /$cBernadetta Darska.
=260  \\$c2014.
=336  \\$aTekst$btxt$2rdacontent
=337  \\$aBez urządzenia pośredniczącego$bn$2rdamedia
=338  \\$aWolumin$bnc$2rdacarrier
=380  \\$aArtykuły
=504  \\$aBibliogr. s. 515-523.
=600  17$aTokarczuk, Olga$d(1962- )$2DBN
=648  \7$a1901-2000$2DBN
=648  \7$a1989-2000$2DBN
=655  \7$aProza polska$xhistoria$yod 1989 r.$2DBN
=773  0\$iW:$tSkład osobowy : szkice o prozaikach współczesnych. Cz. 1.$gs. 491-523$w(PL)b0000003332618
=909  \\$ab0000053589683
=916  \\$aDarska, Bernadetta   (1978- )
=931  \\$a821.162.1(091)(045/046)
=955  \7$aProza polska$xhistoria$yod 1989 r.$2DBN
=980  \\$aArtykuły
=996  \\$a.b53589683$9local$z48OMNIS_NLOP
=998  \\$ao$9local$z48OMNIS_NLOP
=999  \\$azkd$bartzwab
  
