=LDR  03120nam a2200625 i 4500
=001  b0000005401484
=005  20221016120833.5
=008  161227s2016    pl a         |000 0 pol  
=009  9910482511905606
=035  \\$a991002456929705066
=035  \\$a(PL-WaBN)b54014840-48omnis_nlop
=035  \\$ab54014840
=035  \\$a(OCoLC)1036361450
=040  \\$aWA N$cWA N
=045  0\$bd2016
=046  \\$k2016
=245  00$a[Zaproszenie] :$b[Inc.:] Dolnośląska Biblioteka Publiczna im. Tadeusza Mikulskiego we Wrocławiu serdecznie zaprasza na otwarcie wystawy "Olga Tokarczuk na świecie : przekłady, odgłosy prasy, fotografie" : 18.10.2016, godz. 17.30 Wrocław, Rynek 58... ...Spotkanie poprowadzi historyk literatury, eseista i krytyk - prof. Stanisław Bereś [...].
=246  30$aDolnośląska Biblioteka Publiczna im. Tadeusza Mikulskiego we Wrocławiu serdecznie zaprasza na otwarcie wystawy "Olga Tokarczuk na świecie : przekłady, odgłosy prasy, fotografie" : 18.10.2016, godz. 17.30 Wrocław, Rynek 58... ...Spotkanie poprowadzi historyk literatury, eseista i krytyk - prof. Stanisław Bereś
=260  \\$a[Wrocław :$bDolnośląska Biblioteka Publiczna im. Tadeusza Mikulskiego,$c2016].
=300  \\$a[3] strony :$bilustracja ;$c15x15 cm.
=336  \\$aTekst$btxt$2rdacontent
=337  \\$aBez urządzenia pośredniczącego$bn$2rdamedia
=338  \\$aWolumin$bnc$2rdacarrier
=380  \\$aDruki ulotne
=388  1\$a2001-
=500  \\$aNa stronie [2]: "Wystawa ma dwie części: jedna (plenerowa) będzie prezentowana przy północnej pierzei wrocławskiego Rynku, druga - w siedzibie Dolnośląskiej Biblioteki Publicznej (Rynek 58, parter)...".
=600  17$aTokarczuk, Olga$d(1962- )$2DBN
=610  27$aDolnośląska Biblioteka Publiczna im. Tadeusza Mikulskiego (Wrocław)$2DBN
=648  \7$a2001-$2DBN
=650  \7$aPisarze polscy$2DBN
=655  \7$aLiteratura polska$2DBN
=658  \\$aBibliotekarstwo, archiwistyka, muzealnictwo
=710  2\$aDolnośląska Biblioteka Publiczna im. Tadeusza Mikulskiego (Wrocław)$eWydawca.$4pbl
=852  \\$822536562620005066$j1$hDŻS XVII 8a$bBN_PL$p777i52149389$cbdz
=902  \\$a180621$c161227$dm$eu$f-$g0
=909  \\$ab0000054014840
=921  2\$aDolnośląska Biblioteka Publiczna im. Tadeusza Mikulskiego (Wrocław)
=923  \\$aDolnośląska Biblioteka Publiczna im. Tadeusza Mikulskiego (Wrocław)$eWydawca.
=945  0\$b2016
=946  \\$k2016
=955  \7$aLiteratura polska$2DBN
=958  \\$aBibliotekarstwo, archiwistyka, muzealnictwo
=960  \\$aDŻS XVII 8a$cbdz  $iZ0,00$l-$o6$9local$z48OMNIS_NLOP
=961  \\$aCALL NO: DŻS XVII 8a$9local$z48OMNIS_NLOP
=980  \\$aDruki ulotne
=996  \\$a.b54014840$9local$z48OMNIS_NLOP
=998  \\$ao$9local$z48OMNIS_NLOP
=999  \\$adżs$bds$cds$adżsp$bds
  
