=LDR  02170naa a2200661 i 4500
=001  b0000005454583
=005  20221014143542.6
=008  170222s2017    pl           |000 0 pol  
=009  9910104089005606
=015  \\$aPrasa 2017/02/22
=035  \\$a991004625009705066
=035  \\$a(PL-WaBN)b54545833-48omnis_nlop
=035  \\$ab54545833
=035  \\$a(OCoLC)998347236
=040  \\$aBPTOR$cBPTOR
=045  2\$bd1962$bd2017
=046  \\$k2017
=100  1\$aTokarczuk, Olga$d(1962- )$eWywiad
=245  10$aDiabelskie poczucie bezsilności /$cOlga Tokarczuk ; rozmawia Aleksandra Pawlicka.
=260  \\$c20-26 II 2017.
=336  \\$aTekst$btxt$2rdacontent
=337  \\$aBez urządzenia pośredniczącego$bn$2rdamedia
=338  \\$aWolumin$bnc$2rdacarrier
=380  \\$aArtykuły
=388  1\$a2001-
=600  17$aTokarczuk, Olga$d(1962- )$2DBN
=648  \7$a1901-2000$2DBN
=648  \7$a1945-1989$2DBN
=648  \7$a1989-2000$2DBN
=650  \7$aPolacy$2DBN
=655  \7$aArtykuł z czasopisma kulturalnego$2DBN
=655  \7$aArtykuł z czasopisma społeczno-politycznego$2DBN
=655  \7$aArtykuł z tygodnika opinii$2DBN
=658  \\$aSocjologia i społeczeństwo
=700  1\$aPawlicka, Aleksandra$d(1966- )$eWywiad
=773  0\$iW:$tNewsweek Polska.$x1642-5685.$g2017, nr 9, s. 16-20$w(PL)b0000001458514
=909  \\$ab0000054545833
=915  \\$aPrasa 2017/02/22
=916  \\$aTokarczuk, Olga   (1962- )
=918  1\$aPawlicka, Aleksandra$d(1966- )
=945  2\$b1962$b2017
=946  \\$k2017
=955  \7$aArtykuł z czasopisma kulturalnego$2DBN
=955  \7$aArtykuł z czasopisma społeczno-politycznego$2DBN
=955  \7$aArtykuł z tygodnika opinii$2DBN
=958  \\$aSocjologia i społeczeństwo
=980  \\$aArtykuły
=996  \\$a.b54545833
=998  \\$ao
=999  \\$aBPTOR$baw$cmp
  
