=LDR  03093naa a2200925 i 4500
=001  b0000005460719
=005  20221015175035.5
=008  170228s2017    pl           |000 0 pol  
=009  9910406319305606
=015  \\$aPrasa 2017/02/28
=035  \\$a991004874449705066
=035  \\$a(PL-WaBN)b5460719x-48omnis_nlop
=035  \\$ab5460719x
=035  \\$a(OCoLC)998370905
=040  \\$aTOR M$cTOR M
=045  2\$bd2009$bd2017
=046  \\$k2017
=100  1\$aHolland, Agnieszka$d(1948- )$eWywiad
=245  10$aPo nas choćby pokot /$cŁukasz Maciejewski, Agnieszka Holland, Olga Tokarczuk ; rozmawiał Piotr Czerkawski, Marcin Radomski.
=260  \\$c24-26 II 2017.
=336  \\$aTekst$btxt$2rdacontent
=337  \\$aBez urządzenia pośredniczącego$bn$2rdamedia
=338  \\$aWolumin$bnc$2rdacarrier
=380  \\$aArtykuły
=388  1\$a2001-
=600  17$aHolland, Agnieszka$d(1948- )$2DBN
=630  07$aPokot (film)$2DBN
=648  \7$a2001-$2DBN
=650  \7$aAdaptacja filmowa$2DBN
=650  \7$aDramat filmowy$2DBN
=650  \7$aFilm niemiecki$2DBN
=650  \7$aFilm polski$2DBN
=650  \7$aFilm szwedzki$2DBN
=650  \7$aKryminał$2DBN
=650  \7$aPisarze polscy$2DBN
=650  \7$aPowieść polska$2DBN
=655  \7$aArtykuł publicystyczny$2DBN
=655  \7$aArtykuł z czasopisma ekonomicznego$2DBN
=655  \7$aArtykuł z czasopisma prawniczego$2DBN
=655  \7$aArtykuł z gazety$2DBN
=655  \7$aFilm czeski$2DBN
=658  \\$aHistoria
=658  \\$aKultura i sztuka
=700  1\$aCzerkawski, Piotr$eWywiad
=700  1\$aMaciejewski, Łukasz$d(1976- )$eAutor
=700  1\$aRadomski, Marcin$eWywiad
=773  0\$iW:$tDziennik Gazeta Prawna : prawo, biznes, polityka.$x2080-6744.$g2017, nr 39, dod. Kultura, s. K1-K2$w(PL)b0000002428462
=909  \\$ab000005460719x
=915  \\$aPrasa 2017/02/28
=916  \\$aHolland, Agnieszka   (1948- )
=918  1\$aCzerkawski, Piotr
=918  1\$aMaciejewski, Łukasz$d(1976- )
=918  1\$aRadomski, Marcin
=930  07$aPokot (film)$2DBN
=945  2\$b2009$b2017
=946  \\$k2017
=955  \7$aArtykuł publicystyczny$2DBN
=955  \7$aArtykuł z czasopisma ekonomicznego$2DBN
=955  \7$aArtykuł z czasopisma prawniczego$2DBN
=955  \7$aArtykuł z gazety$2DBN
=955  \7$aFilm czeski$2DBN
=958  \\$aHistoria
=958  \\$aKultura i sztuka
=980  \\$aArtykuły
=996  \\$a.b5460719x
=998  \\$ao
=999  \\$aTOR M$bgbar
  
