=LDR  02468naa a2200769 i 4500
=001  b0000005468528
=005  20221014143459.1
=008  170307s2017    pl           |000 0 pol  
=009  9910012635305606
=015  \\$aPrasa 2017/03/07
=035  \\$a991005189429705066
=035  \\$a(PL-WaBN)b5468528x-48omnis_nlop
=035  \\$ab5468528x
=035  \\$a(OCoLC)998414112
=040  \\$aZAM 001$cZAM 001
=045  0\$bd2017
=046  \\$k2017
=100  1\$aZaremba, Piotr$d(1963- )$eAutor 
=245  10$aRewolucja podstarzałych hippisów /$cPiotr Zaremba. 
=260  \\$c6-12 III 2017.
=336  \\$aTekst$btxt$2rdacontent
=337  \\$aBez urządzenia pośredniczącego$bn$2rdamedia
=338  \\$aWolumin$bnc$2rdacarrier
=380  \\$aArtykuły
=388  1\$a2001-
=600  17$aHolland, Agnieszka$d(1948- )$2DBN
=630  07$aPokot (film)$2DBN
=648  \7$a2001-$2DBN
=650  \7$aAdaptacja filmowa$2DBN
=650  \7$aDramat filmowy$2DBN
=650  \7$aFilm czeski$2DBN
=650  \7$aFilm niemiecki$2DBN
=650  \7$aFilm polski$2DBN
=650  \7$aFilm szwedzki$2DBN
=650  \7$aKryminał$2DBN
=650  \7$aPisarze polscy$2DBN
=651  \7$aKotlina Kłodzka$2DBN
=655  \7$aArtykuł publicystyczny$2DBN
=655  \7$aArtykuł z czasopisma kulturalnego$2DBN
=655  \7$aArtykuł z czasopisma społeczno-politycznego$2DBN
=658  \\$aHistoria
=773  0\$iW:$tW Sieci (Gdynia).$x2300-6315.$g2017, nr 10, s. 64-65$w(PL)b0000002940504
=909  \\$ab000005468528x
=915  \\$aPrasa 2017/03/07
=916  \\$aZaremba, Piotr   (1963- )
=930  07$aPokot (film)$2DBN
=945  0\$b2017
=946  \\$k2017
=951  \7$aKotlina Kłodzka$2DBN
=955  \7$aArtykuł publicystyczny$2DBN
=955  \7$aArtykuł z czasopisma kulturalnego$2DBN
=955  \7$aArtykuł z czasopisma społeczno-politycznego$2DBN
=958  \\$aHistoria
=980  \\$aArtykuły
=996  \\$a.b5468528x
=998  \\$ao
=999  \\$aZAM 001$bMC
  
