=LDR  02869naa a2200913 i 4500
=001  b0000005470073
=005  20221015174923.6
=008  170308s2017    pl           |000 0 pol  
=009  9910445569605606
=015  \\$aPrasa 2017/03/08
=035  \\$a991005252259705066
=035  \\$a(PL-WaBN)b54700735-48omnis_nlop
=035  \\$ab54700735
=035  \\$a(OCoLC)998421507
=040  \\$aŁ M$cŁ M
=045  2\$bd0901$bd2017
=046  \\$k2017
=100  1\$aPiętka, Bohdan$d(1969- )$eAutor
=245  10$aZiemia Kłodzka nie jest ziemią niczyją /$cBohdan Piętka.
=260  \\$c26 II - 5 III 2017.
=336  \\$aTekst$btxt$2rdacontent
=337  \\$aBez urządzenia pośredniczącego$bn$2rdamedia
=338  \\$aWolumin$bnc$2rdacarrier
=380  \\$aArtykuły
=388  1\$a2001-
=504  \\$aNetografia na stronie 16.
=600  17$aHolland, Agnieszka$d(1948- )$2DBN
=630  07$aPokot (film)$2DBN
=648  \7$a1001-1100$2DBN
=648  \7$a1101-1200$2DBN
=648  \7$a1201-1300$2DBN
=648  \7$a1301-1400$2DBN
=648  \7$a1401-1500$2DBN
=648  \7$a1501-1600$2DBN
=648  \7$a1601-1700$2DBN
=648  \7$a1701-1800$2DBN
=648  \7$a1801-1900$2DBN
=648  \7$a1901-2000$2DBN
=648  \7$a2001-$2DBN
=650  \7$aLiteratura polska$2DBN
=650  \7$aPowieść$2DBN
=651  \7$aCzechy$2DBN
=651  \7$aKłodzko (woj. dolnośląskie ; okolice)$2DBN
=651  \7$aPolska$2DBN
=651  \7$aPrusy$2DBN
=655  \7$aArtykuł publicystyczny$2DBN
=655  \7$aArtykuł z czasopisma kulturalnego$2DBN
=658  \\$aHistoria
=773  0\$iW:$tMyśl Polska (Warszawa ; 2005).$x1733-909X.$g2017, nr 9/10, s. 16$w(PL)b0000001702288
=909  \\$ab0000054700735
=915  \\$aPrasa 2017/03/08
=916  \\$aPiętka, Bohdan   (1969- )
=930  07$aPokot (film)$2DBN
=945  2\$b0901$b2017
=946  \\$k2017
=951  \7$aCzechy$2DBN
=951  \7$aKłodzko (woj. dolnośląskie ; okolice)$2DBN
=951  \7$aPolska$2DBN
=951  \7$aPrusy$2DBN
=955  \7$aArtykuł publicystyczny$2DBN
=955  \7$aArtykuł z czasopisma kulturalnego$2DBN
=958  \\$aHistoria
=980  \\$aArtykuły
=996  \\$a.b54700735
=998  \\$ao
=999  \\$aŁ M$bWWM$cjkr
  
