=LDR  03027naa a2200829 i 4500
=001  b0000005470913
=005  20221014143558.4
=008  170309s2016    pl           |000 0 pol  
=009  9910371961505606
=015  \\$aBZCz 2017/16598
=035  \\$a991005286689705066
=035  \\$a(PL-WaBN)b54709131-48omnis_nlop
=035  \\$ab54709131
=035  \\$a(OCoLC)998426013
=040  \\$aWA N$cWA N
=045  2\$bd1726$bd2016
=046  \\$k2016
=080  \\$a791(045/046)
=100  1\$aTokarczuk, Olga$d(1962- )$ePanelista
=245  10$aJedyny Żyd, który żył jak Pan /$cz Olgą Tokarczuk, Pawłem Maciejką oraz z Adrianem Pankiem rozmawiają Maja Garlińska i Mariusz Koryciński.
=260  \\$c2016.
=336  \\$aTekst$btxt$2rdacontent
=337  \\$aBez urządzenia pośredniczącego$bn$2rdamedia
=338  \\$aWolumin$bnc$2rdacarrier
=380  \\$aArtykuły
=388  1\$a2001-
=600  17$aFrank, Jakub Józef$d(1726-1791)$2DBN
=600  17$aMaciejko, Paweł$d(1971- ).$tMixed multitude$2DBN
=630  07$aDaas (film)$2DBN
=648  \7$a1701-1800$2DBN
=650  \7$aFilm polski$2DBN
=650  \7$aLiteratura polska$2DBN
=650  \7$aTematy i motywy$2DBN
=651  \7$aEuropa$2DBN
=655  \7$aArtykuł z czasopisma kulturalnego$2DBN
=658  \\$aKultura i sztuka
=700  1\$aGarlińska, Maja$eModerator
=700  1\$aKoryciński, Mariusz$d(1989- )$eModerator
=700  1\$aMaciejko, Paweł$d(1971- )$ePanelista
=773  0\$iW:$tFragile : pismo kulturalne.$x1899-4261.$g2016, nr 4, s. 44-50$w(PL)b0000002166811
=909  \\$ab0000054709131
=915  \\$aBZCz 2017/16598
=916  \\$aTokarczuk, Olga   (1962- )
=918  1\$aGarlińska, Maja
=918  1\$aKoryciński, Mariusz$d(1989- )
=918  1\$aMaciejko, Paweł$d(1971- )
=930  07$aDaas (film)$2DBN
=931  \\$a791(045/046)
=945  2\$b1726$b2016
=946  \\$k2016
=950  \\$uhttps://eu05.alma.exlibrisgroup.com/view/uresolver/48OMNIS_NETWORK/openurl?u.ignore_date_coverage=true&portfolio_pid=53667978860005066&Force_direct=true$zZobacz w Polonie$853667978860005066
=951  \7$aEuropa$2DBN
=955  \7$aArtykuł z czasopisma kulturalnego$2DBN
=958  \\$aKultura i sztuka
=980  \\$aArtykuły
=996  \\$a.b54709131$9local$z48OMNIS_NLOP
=998  \\$ao$9local$z48OMNIS_NLOP
=999  \\$azkd$bbzczdu$cktw$x03$y2017
  
