=LDR  02569naa a2200805 i 4500
=001  b0000005479037
=005  20221014143542.6
=008  170316s2017    pl           |000 0 pol  
=009  9910014663305606
=015  \\$aPrasa 2017/03/16
=035  \\$a991005618489705066
=035  \\$a(PL-WaBN)b54790372-48omnis_nlop
=035  \\$ab54790372
=035  \\$a(OCoLC)998459036
=040  \\$aWA M$cWA M
=045  2\$bd2009$bd2017
=046  \\$k2017
=100  1\$aTokarczuk, Olga$d(1962- )$eWywiad
=245  10$aOlga Tokarczuk :$b"Pokot" to thriller, rasowy kryminał /$c[rozmawiali] Jacek Antczak, Łukasz Śmigiel.
=260  \\$c20 II 2017.
=336  \\$aTekst$btxt$2rdacontent
=337  \\$aBez urządzenia pośredniczącego$bn$2rdamedia
=338  \\$aWolumin$bnc$2rdacarrier
=380  \\$aArtykuły
=388  1\$a2001-
=600  17$aHolland, Agnieszka$d(1948- )$2DBN
=630  07$aPokot (film)$2DBN
=648  \7$a2001-$2DBN
=650  \7$aAdaptacja filmowa$2DBN
=650  \7$aDramat filmowy$2DBN
=650  \7$aFilm niemiecki$2DBN
=650  \7$aFilm polski$2DBN
=650  \7$aFilm szwedzki$2DBN
=650  \7$aKryminał$2DBN
=650  \7$aLiteratura polska$2DBN
=650  \7$aPisarze polscy$2DBN
=650  \7$aPowieść$2DBN
=655  \7$aArtykuł z gazety$2DBN
=655  \7$aFilm czeski$2DBN
=658  \\$aHistoria
=658  \\$aKultura i sztuka
=700  1\$aAntczak, Jacek$d(1969- )$eWywiad
=773  0\$iW:$tPolska (Metropolia Warszawska, wyd. zasadnicze).$x1898-3081.$g2017, nr 15, s. 14-15$w(PL)b0000002035638
=909  \\$ab0000054790372
=915  \\$aPrasa 2017/03/16
=916  \\$aTokarczuk, Olga   (1962- )
=918  1\$aAntczak, Jacek$d(1969- )
=930  07$aPokot (film)$2DBN
=945  2\$b2009$b2017
=946  \\$k2017
=955  \7$aArtykuł z gazety$2DBN
=955  \7$aFilm czeski$2DBN
=958  \\$aHistoria
=958  \\$aKultura i sztuka
=980  \\$aArtykuły
=996  \\$a.b54790372
=998  \\$ao
=999  \\$aWA M$bBD$cjkr
  
