=LDR  02945naa a2200853 i 4500
=001  b0000005490456
=005  20221015174938.0
=008  170327s2016    pl           |000 0 pol  
=009  9910157627905606
=015  \\$aBZCz 2017/16142
=035  \\$a991006085489705066
=035  \\$a(PL-WaBN)b54904560-48omnis_nlop
=035  \\$ab54904560
=035  \\$a(OCoLC)998503867
=040  \\$aWA N$cWA N
=041  0\$apol$beng$bger
=045  2\$bd2008$bd2010
=046  \\$k2016
=080  \\$a82(091)+82.0(045/046)
=100  1\$aPacyniak, Jolanta$eAutor
=245  10$aRecepcja twórczości Jenny Erpenbeck w Polsce i w krajach niemieckojęzycznych /$cJolanta Pacyniak ; Uniwersytet Marii Curie-Skłodowskiej. 
=260  \\$c2016.
=336  \\$aTekst$btxt$2rdacontent
=337  \\$aBez urządzenia pośredniczącego$bn$2rdamedia
=338  \\$aWolumin$bnc$2rdacarrier
=380  \\$aArtykuły
=388  1\$a2001-
=504  \\$aBibliografia, netografia na stronach 204-206.
=546  \\$aStreszczenie w języku angielskim, niemieckim.
=600  17$aBator, Joanna$d(1968- )$2DBN
=600  17$aErpenbeck, Jenny$d(1967- ).$tHeimsuchung$2DBN
=648  \7$a2001-$2DBN
=650  \7$aKomparatystyka$2DBN
=650  \7$aKrytyka literacka$2DBN
=650  \7$aLiteratura niemiecka$2DBN
=650  \7$aLiteratura polska$2DBN
=650  \7$aPowieść$2DBN
=651  \7$aAustria$2DBN
=651  \7$aLiechtenstein$2DBN
=651  \7$aNiemcy$2DBN
=651  \7$aPolska$2DBN
=655  \7$aArtykuł monograficzny$2DBN
=655  \7$aArtykuł z czasopisma filologicznego$2DBN
=658  \\$aLiteraturoznawstwo
=773  0\$iW:$tTransfer : reception studies.$x2451-3334.$gT. 1 (2016), s. 191-206$w(PL)b0000005486793
=909  \\$ab0000054904560
=915  \\$aBZCz 2017/16142
=916  \\$aPacyniak, Jolanta   
=931  \\$a82(091)+82.0(045/046)
=945  2\$b2008$b2010
=946  \\$k2016
=950  \\$uhttps://eu05.alma.exlibrisgroup.com/view/uresolver/48OMNIS_NETWORK/openurl?u.ignore_date_coverage=true&portfolio_pid=53705573890005066&Force_direct=true$zZobacz w Polonie$853705573890005066
=951  \7$aAustria$2DBN
=951  \7$aLiechtenstein$2DBN
=951  \7$aNiemcy$2DBN
=951  \7$aPolska$2DBN
=955  \7$aArtykuł monograficzny$2DBN
=955  \7$aArtykuł z czasopisma filologicznego$2DBN
=958  \\$aLiteraturoznawstwo
=980  \\$aArtykuły
=996  \\$a.b54904560$9local$z48OMNIS_NLOP
=998  \\$ao$9local$z48OMNIS_NLOP
=999  \\$azkd$bbzczad$x03$y2017
  
