=LDR  02531naa a2200769 i 4500
=001  b0000005518143
=005  20221015174855.0
=008  170418s2017    pl           |000 0 pol  
=009  9910172742005606
=015  \\$aPrasa 2017/04/18
=035  \\$a991007223659705066
=035  \\$a(PL-WaBN)b55181430-48omnis_nlop
=035  \\$ab55181430
=035  \\$a(OCoLC)998610748
=040  \\$aLUBL M$cLUBL M
=045  2\$bd2016$bd2017
=046  \\$k2017
=100  1\$aHolland, Agnieszka$d(1948- )$eWywiad
=245  10$aMścicielka z powodu /$cAgnieszka Holland ; rozmawiał Janusz Wróblewski.
=260  \\$c8-14 II 2017.
=336  \\$aTekst$btxt$2rdacontent
=337  \\$aBez urządzenia pośredniczącego$bn$2rdamedia
=338  \\$aWolumin$bnc$2rdacarrier
=380  \\$aArtykuły
=388  1\$a2001-
=600  17$aHolland, Agnieszka$d(1948- )$2DBN
=630  07$aPokot (film)$2DBN
=648  \7$a2001-$2DBN
=650  \7$aAdaptacja filmowa$2DBN
=650  \7$aDramat filmowy$2DBN
=650  \7$aFilm niemiecki$2DBN
=650  \7$aFilm polski$2DBN
=650  \7$aFilm szwedzki$2DBN
=650  \7$aKryminał$2DBN
=655  \7$aArtykuł z czasopisma kulturalnego$2DBN
=655  \7$aArtykuł z czasopisma społeczno-politycznego$2DBN
=655  \7$aArtykuł z tygodnika opinii$2DBN
=655  \7$aFilm czeski$2DBN
=658  \\$aHistoria
=700  1\$aWróblewski, Janusz$d(1963- )$eWywiad
=773  0\$iW:$tPolityka (Warszawa ; 1957).$x0032-3500.$g2017, nr 6, s. 70-72$w(PL)b0000001481990
=909  \\$ab0000055181430
=915  \\$aPrasa 2017/04/18
=916  \\$aHolland, Agnieszka   (1948- )
=918  1\$aWróblewski, Janusz$d(1963- )
=930  07$aPokot (film)$2DBN
=945  2\$b2016$b2017
=946  \\$k2017
=955  \7$aArtykuł z czasopisma kulturalnego$2DBN
=955  \7$aArtykuł z czasopisma społeczno-politycznego$2DBN
=955  \7$aArtykuł z tygodnika opinii$2DBN
=955  \7$aFilm czeski$2DBN
=958  \\$aHistoria
=980  \\$aArtykuły
=996  \\$a.b55181430
=998  \\$ao
=999  \\$aLUBL M$bblj
  
