=LDR  03398naa a2200877 i 4500
=001  b0000005532335
=005  20221014143542.6
=008  170426s2016    pl           |000 0 pol  
=009  9910500369505606
=015  \\$aBZCz 2017/22901
=035  \\$a991007805079705066
=035  \\$a(PL-WaBN)b55323352-48omnis_nlop
=035  \\$ab55323352
=035  \\$a(OCoLC)998653838
=040  \\$aWA N$cWA N
=041  0\$apol$beng
=045  2\$bd1822$bd2016
=046  \\$k2016
=080  \\$a821.162.1(091)(045/046)
=245  00$aEcha i tęsknoty romantyczne w polskiej kulturze współczesnej :$b"Opowieści galicyjskie" Andrzeja Stasiuka, "Prawiek" Olgi Tokarczuk oraz "Świteź" Kamila Polaka w poetyce "Ballad i romansów" Adama Mickiewicza /$cMarta Piwińska, Katarzyna Buszkowska, Olga Zakolska, Arkadiusz Doktór ; Instytut Badań Literackich PAN, Warszawa.
=246  30$a"Opowieści galicyjskie" Andrzeja Stasiuka, "Prawiek" Olgi Tokarczuk oraz "Świteź" Kamila Polaka w poetyce "Ballad i romansów" Adama Mickiewicza
=260  \\$c2016.
=336  \\$aTekst$btxt$2rdacontent
=337  \\$aBez urządzenia pośredniczącego$bn$2rdamedia
=338  \\$aWolumin$bnc$2rdacarrier
=380  \\$aArtykuły
=388  1\$a2001-
=546  \\$aStreszczenie w języku angielskim.
=600  17$aMickiewicz, Adam$d(1798-1855).$tBallady i romanse$2DBN
=600  17$aPolak, Kamil$d(1980- )$2DBN
=600  17$aStasiuk, Andrzej$d(1960- ).$tOpowieści galicyjskie$2DBN
=630  07$aŚwiteź (film)$2DBN
=648  \7$a1801-1900$2DBN
=648  \7$a1901-2000$2DBN
=650  \7$aFilm polski$2DBN
=650  \7$aLiteratura$2DBN
=650  \7$aLiteratura polska$2DBN
=650  \7$aRomantyzm$2DBN
=655  \7$aArtykuł problemowy$2DBN
=655  \7$aArtykuł z czasopisma filologicznego$2DBN
=658  \\$aHistoria
=658  \\$aKultura i sztuka
=700  1\$aBuszkowska, Katarzyna$eAutor
=700  1\$aDoktór, Arkadiusz$eAutor
=700  1\$aPiwińska, Marta$d(1937- )$eAutor
=773  0\$iW:$tPamiętnik Literacki (Lwów ; 1902).$x0031-0514.$gR. 107, z. 4 (2016), s. 63-78$w(PL)b0000001298454
=909  \\$ab0000055323352
=915  \\$aBZCz 2017/22901
=918  1\$aBuszkowska, Katarzyna
=918  1\$aDoktór, Arkadiusz
=918  1\$aPiwińska, Marta$d(1937- )
=930  07$aŚwiteź (film)$2DBN
=931  \\$a821.162.1(091)(045/046)
=945  2\$b1822$b2016
=946  \\$k2016
=950  \\$uhttps://eu05.alma.exlibrisgroup.com/view/uresolver/48OMNIS_NETWORK/openurl?u.ignore_date_coverage=true&portfolio_pid=53669153020005066&Force_direct=true$zZobacz w Polonie$853669153020005066
=955  \7$aArtykuł problemowy$2DBN
=955  \7$aArtykuł z czasopisma filologicznego$2DBN
=958  \\$aHistoria
=958  \\$aKultura i sztuka
=980  \\$aArtykuły
=996  \\$a.b55323352$9local$z48OMNIS_NLOP
=998  \\$ao$9local$z48OMNIS_NLOP
=999  \\$azkd$bbzczdu$x04$y2017
  
