=LDR  03837nam a2201069 i 4500
=001  b0000005533045
=005  20221015174909.2
=008  170724s2016    ja bo        |001 0cjpno 
=009  9910077785705606
=015  \\$aPZ 2016
=020  \\$a9784879843432$cJPY 1900
=035  \\$a991007833679705066
=035  \\$a(PL-WaBN)b55330459-48omnis_nlop
=035  \\$ab55330459
=035  \\$a(OCoLC)995380153
=040  \\$aWA N$cWA N
=045  2\$bd1918$bd2004
=046  \\$k2016
=080  \\$a82(091)+82.0(0.054)
=084  \\$a01
=245  00$6880-01$aTōō-no sōzōryoku :$bGendai tōō bungaku gaido /$cOku Ayako, Nishi Masahiko, Numano Mitsuyoshi hen.
=260  \\$aKyōto :$bShōraisha,$c2016.
=300  \\$a317, [2] strony :$bfotografie, mapy ;$c19 cm.
=336  \\$aTekst$btxt$2rdacontent
=337  \\$aBez urządzenia pośredniczącego$bn$2rdamedia
=338  \\$aWolumin$bnc$2rdacarrier
=380  \\$aKsiążki
=388  1\$a2001-
=504  \\$aBibliografia przy niektórych rozdziałach. Indeks.
=600  17$aBiałoszewski, Miron$d(1922-1983)$2DBN
=600  17$aGombrowicz, Witold$d(1904-1969)$2DBN
=600  17$aHuelle, Paweł$d(1957- )$2DBN
=600  17$aKonwicki, Tadeusz$d(1926-2015)$2DBN
=600  17$aKosiński, Jerzy$d(1933-1991)$2DBN
=600  17$aLem, Stanisław$d(1921-2006)$2DBN
=600  17$aMiłosz, Czesław$d(1911-2004)$2DBN
=600  17$aMrożek, Sławomir$d(1930-2013)$2DBN
=600  17$aRóżewicz, Tadeusz$d(1921-2014)$2DBN
=600  17$aSchulz, Bruno$d(1892-1942)$2DBN
=600  17$aStasiuk, Andrzej$d(1960- )$2DBN
=600  17$aSzymborska, Wisława$d(1923-2012)$2DBN
=600  17$aTokarczuk, Olga$d(1962- )$2DBN
=648  \7$a1901-2000$2DBN
=650  \7$aLiteratura albańska$2DBN
=650  \7$aLiteratura austriacka$2DBN
=650  \7$aLiteratura bułgarska$2DBN
=650  \7$aLiteratura czeska$2DBN
=650  \7$aLiteratura jidysz$2DBN
=650  \7$aLiteratura niemiecka$2DBN
=650  \7$aLiteratura polska$2DBN
=650  \7$aLiteratura rumuńska$2DBN
=650  \7$aLiteratura słowacka$2DBN
=650  \7$aLiteratura węgierska$2DBN
=650  \7$aLiteratury Jugosławii$2DBN
=650  \7$aPisarze europejscy$2DBN
=655  \7$aBiogram$2DBN
=658  \\$aHistoria
=700  1\$aNishi, Masahiko$d(1955- )$eRedakcja
=700  1\$aNumano, Mitsuyoshi$d(1954- )$eRedakcja
=852  \\$822498465140005066$j1$h3.038.723 A$bBN_PL$p30001017029214$cbk1
=880  00$6245-01/$1$a東欧の想像力 :$b現代東欧文学ガイド /$c奥彩子, 西成彦, 沼野光義 編.
=909  \\$ab0000055330459
=915  \\$aPZ 2016
=918  1\$aNishi, Masahiko$d(1955- )
=918  1\$aNumano, Mitsuyoshi$d(1954- )
=920  \\$a978-4-87984-343-2 :$cJPY 1900
=931  \\$a82(091)+82.0(0.054)
=945  2\$b1918$b2004
=946  \\$k2016
=955  \7$aBiogram$2DBN
=958  \\$aHistoria
=960  \\$a3.038.723 A$cbk1  $d30001017029214$e3.038.723$f2017.04.27$gNat. Diet Libr. Tokyo$h2017 w 972$iZ250,00$j2018.02.28$k1$l-$o0$9local$z48OMNIS_NLOP
=961  \\$aCALL NO: 3.038.723 A$f2017.04.27$gNat. Diet Libr. Tokyo$h-- ACC NO: 2017 w 972$j2018.02.28$9local$z48OMNIS_NLOP
=980  \\$aKsiążki
=991  \\$aPZ
=996  \\$a.b55330459$9local$z48OMNIS_NLOP
=998  \\$aik$ao$9local$z48OMNIS_NLOP
=999  \\$azkd$bkwdkas$cmd
  
