=LDR  05098nam a2201225 i 4500
=001  b0000005533317
=005  20221117133904.4
=008  170426s2017    pl           |000 0 pol  
=009  9910409424805606
=015  \\$aUWD 2017/15338
=020  \\$a9788308063309$czł 34,90
=035  \\$a991007843239705066
=035  \\$a(PL-WaBN)b55333175-48omnis_nlop
=035  \\$ab55333175
=035  \\$a(OCoLC)995380386
=040  \\$aWA N$cWA N
=046  \\$k2006
=080  \\$a(047)
=080  \\$a008(438)
=084  \\$a10
=100  1\$aStrzałka, Jan$eWywiad
=245  10$aO psach, kotach i aniołach /$cAnna Dymna, Katarzyna Grochola, Marek Kondrat, Wojciech Mann, Monika Olejnik, Dorota Sumińska, Olga Tokarczuk, Grzegorz Turnau, Jan Twardowski, Stanisław Tym, Krystyna Zachwatowicz-Wajda ; rozmawia Jan Strzałka.
=260  \\$aKraków :$bWydawnictwo Literackie,$c2017.
=300  \\$a257, [3] strony ;$c21 cm.
=336  \\$aTekst$btxt$2rdacontent
=337  \\$aBez urządzenia pośredniczącego$bn$2rdamedia
=338  \\$aWolumin$bnc$2rdacarrier
=380  \\$aKsiążki
=388  1\$a2001-
=600  17$aDymna, Anna$d(1951- )$2DBN
=600  17$aGrochola, Katarzyna$d(1957- )$2DBN
=600  17$aKondrat, Marek$d(1950- )$2DBN
=600  17$aMann, Wojciech$d(1948- )$2DBN
=600  17$aOlejnik, Monika$d(1956- )$2DBN
=600  17$aSumińska, Dorota$d(1957- )$2DBN
=600  17$aTokarczuk, Olga$d(1962- )$2DBN
=600  17$aTurnau, Grzegorz$d(1967- )$2DBN
=600  17$aTwardowski, Jan$d(1915-2006)$2DBN
=600  17$aTym, Stanisław$d(1937- )$2DBN
=650  \7$aZwierzęta domowe$2DBN
=655  \7$aWywiad dziennikarski$2DBN
=700  1\$aDymna, Anna$d(1951- )$eWywiad
=700  1\$aGrochola, Katarzyna$d(1957- )$eWywiad
=700  1\$aKondrat, Marek$d(1950- )$eWywiad
=700  1\$aMann, Wojciech$d(1948- )$eWywiad
=700  1\$aOlejnik, Monika$d(1956- )$eWywiad
=700  1\$aSumińska, Dorota$d(1957- )$eWywiad
=700  1\$aTokarczuk, Olga$d(1962- )$eWywiad
=700  1\$aTurnau, Grzegorz$d(1967- )$eWywiad
=700  1\$aTwardowski, Jan$d(1915-2006)$eWywiad
=700  1\$aTym, Stanisław$d(1937- )$eWywiad
=710  2\$aWydawnictwo Literackie$eWydawca$4pbl
=852  \\$822500120010005066$j1$h3.017.300 A$bBN_PL$p30001022072069$cbk1
=852  \\$822500120040005066$j1$h2.959.031$bBN_PL$p30001022072052$cbk8
=852  \\$82237375180007771$j1$bCHE_1_BG$pK143819$cW
=852  \\$8225334330007768$j1$bKUT_1_F3$p3F019516$c6312
=852  \\$82227610250007770$j1$bTOM_1_BG$p000173515000$cM
=909  \\$ab0000055333175
=915  \\$aUWD 2017/15338
=916  \\$aStrzałka, Jan   
=918  1\$aDymna, Anna$d(1951- )
=918  1\$aGrochola, Katarzyna$d(1957- )
=918  1\$aKondrat, Marek$d(1950- )
=918  1\$aMann, Wojciech$d(1948- )
=918  1\$aOlejnik, Monika$d(1956- )
=918  1\$aSumińska, Dorota$d(1957- )
=918  1\$aTokarczuk, Olga$d(1962- )
=918  1\$aTurnau, Grzegorz$d(1967- )
=918  1\$aTwardowski, Jan$d(1915-2006)
=918  1\$aTym, Stanisław$d(1937- )
=920  \\$a978-83-08-06330-9 :$czł 34,90
=921  2\$aWydawnictwo Literackie
=923  \\$aWydawnictwo Literackie
=931  \\$a(047)
=931  \\$a008(438)
=936  \\$ab55333175$9LOCAL$z48OMNIS_TOM
=946  \\$k2006
=953  \\$ab55333175$9LOCAL$z48OMNIS_CHE
=953  \\$aKNO MP20099995$9LOCAL$z48OMNIS_KUT
=955  \7$aWywiad dziennikarski$2DBN
=959  \\$p100022761200$c20.66$d20180302$tP$eK$x0042/2018$jA.80E$hW$a82-92 O ps$bK143819$9LOCAL$z48OMNIS_CHE
=959  \\$p3F019516$a63$d20171030$c23.39$hW$eV$x0024/2017$tP$gFV/52879/10/2017$iN$u3F019516$b203000195169$jE$9LOCAL$z48OMNIS_KUT
=959  \\$p300033837000$a63$d20171026$c21.81$hU$eK$x0149/2017$tZP$jE$9LOCAL$z48OMNIS_TOM
=960  \\$a2.959.031$cbk8  $d30001022072052$e2.959.031$h2017 e$iZ34,90$j2017.05.10$k2$l-$o1$xNakł.:$9local$z48OMNIS_NLOP
=961  \\$aCALL NO: 2.959.031$h-- ACC NO: 2017 e$j2017.05.10$xNakł.:$9local$z48OMNIS_NLOP
=963  \\$aCHE_1$9LOCAL$z48OMNIS_CHE
=963  \\$aKUT_1$9LOCAL$z48OMNIS_KUT
=980  \\$aKsiążki
=996  \\$a.b55333175$9local$z48OMNIS_NLOP
=998  \\$aik$ao$9local$z48OMNIS_NLOP
=999  \\$azkd$beojrb$x18$y17
  
