=LDR  02347naa a2200697 i 4500
=001  b0000005652438
=005  20221014143614.2
=008  170719s2017    pl           |000 0 pol  
=009  9910073651005606
=015  \\$aPrasa 2017/07/19
=035  \\$a991012715829705066
=035  \\$a(PL-WaBN)b56524389-48omnis_nlop
=035  \\$ab56524389
=035  \\$a(OCoLC)998850817
=040  \\$aLUBL M$cLUBL M
=045  2\$bd2016$bd2017
=046  \\$k2017
=100  1\$aKołodziejczyk, Marcin$d(1973- )$eAutor
=245  10$aReportaż pełen treści /$cMarcin Kołodziejczyk.
=260  \\$c22-28 III 2017.
=336  \\$aTekst$btxt$2rdacontent
=337  \\$aBez urządzenia pośredniczącego$bn$2rdamedia
=338  \\$aWolumin$bnc$2rdacarrier
=380  \\$aArtykuły
=388  1\$a2001-
=600  17$aGileta, Roman$d(1949- )$2DBN
=610  27$aPrawo i Sprawiedliwość (PiS)$2DBN
=648  \7$a2001-$2DBN
=650  \7$aOskarżenie$2DBN
=650  \7$aPoeci polscy$2DBN
=650  \7$aProcesy sądowe$2DBN
=651  \7$aWałbrzych (woj. dolnośląskie)$2DBN
=655  \7$aArtykuł publicystyczny$2DBN
=655  \7$aArtykuł z czasopisma kulturalnego$2DBN
=655  \7$aArtykuł z czasopisma społeczno-politycznego$2DBN
=658  \\$aPrawo i wymiar sprawiedliwości
=773  0\$iW:$tPolityka (Warszawa ; 1957).$x0032-3500.$g2017, nr 12, s. 38-39$w(PL)b0000001481990
=909  \\$ab0000056524389
=915  \\$aPrasa 2017/07/19
=916  \\$aKołodziejczyk, Marcin   (1973- )
=945  2\$b2016$b2017
=946  \\$k2017
=951  \7$aWałbrzych (woj. dolnośląskie)$2DBN
=955  \7$aArtykuł publicystyczny$2DBN
=955  \7$aArtykuł z czasopisma kulturalnego$2DBN
=955  \7$aArtykuł z czasopisma społeczno-politycznego$2DBN
=958  \\$aPrawo i wymiar sprawiedliwości
=980  \\$aArtykuły
=996  \\$a.b56524389
=998  \\$ao
=999  \\$aLUBL M$bacz
  
