=LDR  02565naa a2200685 i 4500
=001  b0000005675383
=005  20221015174938.0
=008  170807s2016    pl           |000 0 pol  
=009  9910482329405606
=015  \\$aBZCz 2017/46566
=035  \\$a991013660119705066
=035  \\$a(PL-WaBN)b56753834-48omnis_nlop
=035  \\$ab56753834
=035  \\$a(OCoLC)1008731500
=040  \\$aWA N$cWA N
=041  0\$apol$beng
=045  0\$bd2014
=046  \\$k2016
=080  \\$a821.162.1(091)(045/046)
=100  1\$aLarenta, Anna$eAutor
=245  10$aGeografia w "Księgach Jakubowych" Olgi Tokarczuk :$bprzypadek Iwania /$cAnna Larenta ; Wydział Filologiczny. Uniwersytet w Białymstoku.
=246  30$aPrzypadek Iwania
=260  \\$c2016.
=336  \\$aTekst$btxt$2rdacontent
=337  \\$aBez urządzenia pośredniczącego$bn$2rdamedia
=338  \\$aWolumin$bnc$2rdacarrier
=380  \\$aArtykuły
=388  1\$a2001-
=546  \\$aStreszczenie w języku angielskim.
=600  17$aTokarczuk, Olga$d(1962- ).$tKsięgi Jakubowe albo Wielka podróż przez siedem granic, pięć języków i trzy duże religie, nie licząc tych małych$2DBN
=648  \7$a2001-$2DBN
=650  \7$aGeopoetyka$2DBN
=650  \7$aLiteratura polska$2DBN
=650  \7$aPowieść historyczna$2DBN
=651  \7$aIvannê (Ukraina, obw. rówieński)$2DBN
=655  \7$aArtykuł problemowy$2DBN
=655  \7$aArtykuł z czasopisma filologicznego$2DBN
=658  \\$aLiteraturoznawstwo
=773  0\$iW:$tBiałostockie Studia Literaturoznawcze : BSL.$x2082-9701.$g[T.] 9 (2016), s. 209-219$w(PL)b0000002666996
=909  \\$ab0000056753834
=915  \\$aBZCz 2017/46566
=916  \\$aLarenta, Anna   
=931  \\$a821.162.1(091)(045/046)
=945  0\$b2014
=946  \\$k2016
=950  \\$uhttps://eu05.alma.exlibrisgroup.com/view/uresolver/48OMNIS_NETWORK/openurl?u.ignore_date_coverage=true&portfolio_pid=53671588270005066&Force_direct=true$zZobacz w Polonie$853671588270005066
=951  \7$aIvannê (Ukraina, obw. rówieński)$2DBN
=955  \7$aArtykuł problemowy$2DBN
=955  \7$aArtykuł z czasopisma filologicznego$2DBN
=958  \\$aLiteraturoznawstwo
=980  \\$aArtykuły
=996  \\$a.b56753834$9local$z48OMNIS_NLOP
=998  \\$ao$9local$z48OMNIS_NLOP
=999  \\$azkd$bbzczdu$x08$y2017
  
