=LDR  02452naa a2200565 i 4500
=001  b0000005735695
=005  20221014143459.1
=008  170920s2015    pl       o   |000 0 pol  
=009  9910325120005606
=015  \\$aBZCz 2017/52711
=035  \\$a991016082549705066
=035  \\$a(PL-WaBN)b57356956-48omnis_nlop
=035  \\$ab57356956
=035  \\$a(OCoLC)1007952111
=040  \\$aWA N$cWA N
=045  0\$bd2014
=046  \\$k2015
=080  \\$a821.162.1(091)(045/046)
=100  1\$aPietrych, Krystyna$d(1960- )$eRecenzja
=245  10$a"Księgi Jakubowe" :$bpowieść współczesna /$cKrystyna Pietrych.
=260  \\$c2015.
=336  \\$aTekst$btxt$2rdacontent
=337  \\$aBez urządzenia pośredniczącego$bn$2rdamedia
=338  \\$aWolumin$bnc$2rdacarrier
=380  \\$aArtykuły
=388  1\$a2001-
=520  8\$aZawiera recenzję książki: Księgi Jakubowe albo Wielka podróż przez siedem granic, pięć języków i trzy duże religie, nie licząc tych małych : opowiadana przez zmarłych, a przez autorkę dopełniona metodą koniektury, z wielu rozmaitych ksiąg zaczerpnięta, a także wspomożona imaginacją, która to jest największym naturalnym darem człowieka / Olga Tokarczuk. - Kraków, 2014.
=600  17$aTokarczuk, Olga$d(1962- ).$tKsięgi Jakubowe albo Wielka podróż przez siedem granic, pięć języków i trzy duże religie, nie licząc tych małych$2DBN
=648  \7$a2001-$2DBN
=650  \7$aLiteratura polska$2DBN
=655  \7$aArtykuł z czasopisma literackiego$2DBN
=658  \\$aLiteraturoznawstwo
=773  0\$iW:$tNowe Książki : przegląd nowości wydawniczych.$x0137-8562.$g2015, nr 2, s. 71-72$w(PL)b0000001302612
=909  \\$ab0000057356956
=915  \\$aBZCz 2017/52711
=916  \\$aPietrych, Krystyna   (1960- )
=931  \\$a821.162.1(091)(045/046)
=945  0\$b2014
=946  \\$k2015
=950  \\$uhttps://eu05.alma.exlibrisgroup.com/view/uresolver/48OMNIS_NETWORK/openurl?u.ignore_date_coverage=true&portfolio_pid=53663606220005066&Force_direct=true$zZobacz w Polonie$853663606220005066
=955  \7$aArtykuł z czasopisma literackiego$2DBN
=958  \\$aLiteraturoznawstwo
=980  \\$aArtykuły
=996  \\$a.b57356956$9local$z48OMNIS_NLOP
=998  \\$ao$9local$z48OMNIS_NLOP
=999  \\$azkd$bbzczamb$x09$y2017
  
