=LDR  06608ngm a2201573 i 4500
=001  b0000005799988
=005  20230120025651.2
=007  vd#cvaizq
=008  171109s2017    pl 123       |    vlpol  
=009  9910447460305606
=020  \\$a9788326825545$czł 29,99
=035  \\$a991018733749705066
=035  \\$a(PL-WaBN)b57999880-48omnis_nlop
=035  \\$ab57999880
=035  \\$a(OCoLC)1036626827
=040  \\$aWA N$cWA N$dWA N
=046  \\$k2017
=245  00$aPokot /$creżyseria Agnieszka Holland, Katarzyna Adamik ; scenariusz Olga Tokarczuk, Agnieszka Holland ; producent Krzysztof Zanussi, Janusz Wąchała ; Studio Filmowe Tor.
=260  \\$aWarszawa :$bAgora,$c2017.
=300  \\$a1 dysk optyczny (DVD) (113 min) :$bdźwiękowy, kolorowy ;$c12 cm.
=336  \\$aObraz ruchomy 2D$btdi$2rdacontent
=337  \\$aWideo$bv$2rdamedia
=338  \\$aPłyta wideo$bvd$2rdacarrier
=380  \\$aFilmy i seriale
=386  \\$mPrzynależność kulturowa$aFilm czeski
=386  \\$mPrzynależność kulturowa$aFilm niemiecki
=386  \\$mPrzynależność kulturowa$aFilm polski
=386  \\$mPrzynależność kulturowa$aFilm słowacki
=388  1\$a2001-
=500  \\$aOpis z etykiety płyty i opakowania.
=500  \\$aDodatek drukowany stanowi opakowanie i zawiera komenatrz.
=508  \\$aZdjęcia Jolanta Dylewska, Rafał Paradowski ; scenografia Joanna Macha ; montaż Pavel Hrdlička ; muzyka Antoni Komasa-Łazarkiewicz ; dźwięk Andrzej Lewandowski, Mattias Eklund ; kostiumy Katarzyna Lewińska ; charakteryzacja Janusz Kaleja.
=511  0\$aAgnieszka Mandat, Wiktor Zborowski, Jakub Gierszał, Patrycja Volny, Miroslav Krobot, Borys Szyc, Tomasz Kot, Andrzej Grabowski, Katarzyna Herman, Marcin Bosak, Andrzej Konopka, Sebastian Pawlak.
=538  \\$aDźwięk: Dolby Digital 5.1; obraz: 16:9.
=586  \\$aMiędzynarodowy Festiwal Filmowy w Berlinie - Berlinale, 2017.
=600  17$aTokarczuk, Olga$d(1962- ).$tProwadź swój pług przez kości umarłych$2DBN
=650  \7$aKłusownictwo$2DBN
=650  \7$aKoło łowieckie$2DBN
=650  \7$aKorupcja$2DBN
=650  \7$aŁowiectwo$2DBN
=650  \7$aMyśliwi$2DBN
=650  \7$aPrawo łowieckie$2DBN
=651  \7$aSudety (góry)$2DBN
=655  \7$aAdaptacja filmowa$2DBN
=655  \7$aDramat filmowy$2DBN
=700  1\$aHolland, Agnieszka$d(1948- )$eReżyseria$eScenariusz
=700  1\$aAdamik, Kasia$d(1972- )$eReżyseria
=700  1\$aTokarczuk, Olga$d(1962- )$eScenariusz
=700  1\$aZanussi, Krzysztof$d(1939- )$eProdukcja
=700  1\$aWąchała, Janusz$d(1958- )$eProdukcja
=700  1\$aDylewska, Jolanta$d(1958- )$eZdjęcia
=700  1\$aParadowski, Rafał$d(1973- )$eZdjęcia
=700  1\$aMacha, Joanna$eScenografia
=700  1\$aHrdlička, Pavel$d(1973- )$eMontaż
=700  1\$aŁazarkiewicz, Antoni$d(1980- )$eKompozytor
=700  1\$aLewandowski, Andrzej$d(1950-2021)$eDźwięk
=700  1\$aEklund, Mattias$d(1969- )$eDźwięk
=700  1\$aLewińska, Katarzyna$eKostiumy
=700  1\$aKaleja, Janusz$d(1968- )$eCharakteryzacja
=700  1\$aMandat, Agnieszka$d(1953- )$eWykonanie
=700  1\$aZborowski, Wiktor$d(1951- )$eWykonanie
=700  1\$aGierszał, Jakub$d(1988- )$eWykonanie
=700  1\$aVolny, Patrycja$d(1988- )$eWykonanie
=700  1\$aKrobot, Miroslav$d(1951- )$eWykonanie
=700  1\$aSzyc, Borys$d(1978- )$eWykonanie
=700  1\$aKot, Tomasz$d(1977- )$eWykonanie
=700  1\$aGrabowski, Andrzej$d(1952- )$eWykonanie
=700  1\$aHerman, Katarzyna$d(1971- )$eWykonanie
=700  1\$aBosak, Marcin$d(1979- )$eWykonanie
=700  1\$aKonopka, Andrzej$d(1969- )$eWykonanie
=710  2\$aStudio Filmowe "Tor"$eProdukcja
=852  \\$822543418780005066$j1$hFon.DVD.67.426$bBN_PL$p777i56932625$cbnag
=852  \\$822543418840005066$j1$hFon.DVD.67.425 A$bBN_PL$p777i56932601$cbnag_a
=909  \\$ab0000057999880
=918  1\$aHolland, Agnieszka$d(1948- )
=918  1\$aAdamik, Kasia$d(1972- )
=918  1\$aTokarczuk, Olga$d(1962- )
=918  1\$aZanussi, Krzysztof$d(1939- )
=918  1\$aWąchała, Janusz$d(1958- )
=918  1\$aDylewska, Jolanta$d(1958- )
=918  1\$aParadowski, Rafał$d(1973- )
=918  1\$aMacha, Joanna
=918  1\$aHrdlička, Pavel$d(1973- )
=918  1\$aŁazarkiewicz, Antoni$d(1980- )
=918  1\$aLewandowski, Andrzej$d(1950-2021)
=918  1\$aEklund, Mattias$d(1969- )
=918  1\$aLewińska, Katarzyna
=918  1\$aKaleja, Janusz$d(1968- )
=918  1\$aMandat, Agnieszka$d(1953- )
=918  1\$aZborowski, Wiktor$d(1951- )
=918  1\$aGierszał, Jakub$d(1988- )
=918  1\$aVolny, Patrycja$d(1988- )
=918  1\$aKrobot, Miroslav$d(1951- )
=918  1\$aSzyc, Borys$d(1978- )
=918  1\$aKot, Tomasz$d(1977- )
=918  1\$aGrabowski, Andrzej$d(1952- )
=918  1\$aHerman, Katarzyna$d(1971- )
=918  1\$aBosak, Marcin$d(1979- )
=918  1\$aKonopka, Andrzej$d(1969- )
=920  \\$a978-83-268-2554-5 :$czł 29,99
=921  2\$aStudio Filmowe "Tor"
=923  \\$aAgora
=946  \\$k2017
=951  \7$aSudety (góry)$2DBN
=953  \\$aKNO MP20099340$9LOCAL$z48OMNIS_KUT
=955  \7$aAdaptacja filmowa$2DBN
=955  \7$aDramat filmowy$2DBN
=959  \\$pDV03478$aF.DVD 3478$d20170831$c36.74$eK$x0026/2017$b105100034785$uDV03478$gFA33696/17/08-99$iL$tCF$hW$jE$9LOCAL$z48OMNIS_KUT
=960  \\$aFon.DVD.67.426$cbnag$eDVD.67.426$h2017 e Fon.$iZ50,00$l-$o16$9local$z48OMNIS_NLOP
=961  \\$aCALL NO: Fon.DVD.67.426$h-- ACC NO: 2017 e Fon.$9local$z48OMNIS_NLOP
=963  \\$aKUT_1$9LOCAL$z48OMNIS_KUT
=980  \\$aFilmy i seriale
=986  \\$aFilm czeski
=986  \\$aFilm niemiecki
=986  \\$aFilm polski
=986  \\$aFilm słowacki
=996  \\$a.b57999880$9local$z48OMNIS_NLOP
=998  \\$ao$9local$z48OMNIS_NLOP
=999  \\$aZZDiA$bmk
  
