=LDR  03110naa a2200805 i 4500
=001  b0000005812077
=005  20221014143511.1
=008  171120s2017    pl           |000 0 pol  
=009  9910441833205606
=015  \\$aBZCz 2017/64336
=035  \\$a991019227349705066
=035  \\$a(PL-WaBN)b58120774-48omnis_nlop
=035  \\$ab58120774
=035  \\$a(OCoLC)1036571130
=040  \\$aWA N$cWA N
=041  0\$apol$beng$bfre
=045  0\$bd2016
=046  \\$k2017
=080  \\$a821.162.1(091)(045/046)
=100  1\$aRejter, Artur$d(1970- )$eAutor
=245  10$aLiteratura wobec dyskursu posthumanizmu :$bna przykładzie prozy Olgi Tokarczuk /$cArtur Rejter.
=246  30$aNa przykładzie prozy Olgi Tokarczuk
=260  \\$c2017.
=336  \\$aTekst$btxt$2rdacontent
=337  \\$aBez urządzenia pośredniczącego$bn$2rdamedia
=338  \\$aWolumin$bnc$2rdacarrier
=380  \\$aArtykuły
=388  1\$a2001-
=504  \\$aBibliografia, netografia na stronie 45.
=546  \\$aStreszczenie w języku angielskim, francuskim.
=600  17$aTokarczuk, Olga$d(1962- ).$tProwadź swój pług przez kości umarłych$2DBN
=648  \7$a2001-$2DBN
=650  \7$aJęzyk polski$2DBN
=650  \7$aLiteratura polska$2DBN
=650  \7$aLudzie a zwierzęta$2DBN
=650  \7$aPosthumanizm$2DBN
=650  \7$aPowieść$2DBN
=650  \7$aStylistyka$2DBN
=655  \7$aArtykuł problemowy$2DBN
=655  \7$aArtykuł z czasopisma filologicznego$2DBN
=658  \\$aJęzykoznawstwo
=773  0\$iW:$tJęzyk Artystyczny.$x0209-3731.$gT. 16 (2017), s. 27-47$w(PL)b0000001521960
=909  \\$ab0000058120774
=915  \\$aBZCz 2017/64336
=916  \\$aRejter, Artur   (1970- )
=931  \\$a821.162.1(091)(045/046)
=935  \\$avtls000838562$9LOCAL$z48OMNIS_KUL
=945  0\$b2016
=946  \\$k2017
=950  \\$uhttps://eu05.alma.exlibrisgroup.com/view/uresolver/48OMNIS_NETWORK/openurl?u.ignore_date_coverage=true&portfolio_pid=53667635660005066&Force_direct=true$zZobacz w Polonie$853667635660005066
=950  \\$uhttps://eu05.alma.exlibrisgroup.com/view/uresolver/48OMNIS_NETWORK/openurl?u.ignore_date_coverage=true&portfolio_pid=53209603210006831&Force_direct=true$853209603210006831
=955  \7$aArtykuł problemowy$2DBN
=955  \7$aArtykuł z czasopisma filologicznego$2DBN
=958  \\$aJęzykoznawstwo
=980  \\$aArtykuły
=996  \\$a.b58120774$9local$z48OMNIS_NLOP
=998  \\$ao$9local$z48OMNIS_NLOP
=999  \\$azkd$bbzczdu$x11$y2017
  
