=LDR  03101naa a2200781 i 4500
=001  b0000005812194
=005  20221014143614.2
=008  171120s2017    pl           |000 0 pol  
=009  9910139477205606
=015  \\$aBZCz 2017/64329
=035  \\$a991019232259705066
=035  \\$a(PL-WaBN)b58121948-48omnis_nlop
=035  \\$ab58121948
=035  \\$a(OCoLC)1036561597
=040  \\$aWA N$cWA N
=041  0\$apol$beng$bfre
=045  2\$bd2014$bd2016
=046  \\$k2017
=080  \\$a821.162.1(091)(045/046)
=100  1\$aPrzyklenk, Joanna$eAutor
=245  10$aDoświadczenia lekturowe cyfrowego tubylca :$bna przykładzie recepcji "Ksiąg Jakubowych" Olgi Tokarczuk /$cJoanna Przyklenk, Katarzyna Sujkowska-Sobisz.
=246  30$aNa przykładzie recepcji "Ksiąg Jakubowych" Olgi Tokarczuk
=260  \\$c2017.
=336  \\$aTekst$btxt$2rdacontent
=337  \\$aBez urządzenia pośredniczącego$bn$2rdamedia
=338  \\$aWolumin$bnc$2rdacarrier
=380  \\$aArtykuły
=388  1\$a2001-
=504  \\$aBibliografia, netografia na stronach 73-75.
=546  \\$aStreszczenie w języku angielskim, francuskim.
=600  17$aTokarczuk, Olga$d(1962- ).$tKsięgi Jakubowe albo Wielka podróż przez siedem granic, pięć języków i trzy duże religie, nie licząc tych małych$2DBN
=648  \7$a2001-$2DBN
=650  \7$aBlog$2DBN
=650  \7$aCyfrowi tubylcy$2DBN
=650  \7$aLiteratura polska$2DBN
=650  \7$aPowieść$2DBN
=655  \7$aArtykuł problemowy$2DBN
=655  \7$aArtykuł z czasopisma filologicznego$2DBN
=658  \\$aInformatyka i technologie informacyjne
=700  1\$aSujkowska-Sobisz, Katarzyna$eAutor
=773  0\$iW:$tJęzyk Artystyczny.$x0209-3731.$gT. 16 (2017), s. 49-76$w(PL)b0000001521960
=909  \\$ab0000058121948
=915  \\$aBZCz 2017/64329
=916  \\$aPrzyklenk, Joanna   
=918  1\$aSujkowska-Sobisz, Katarzyna
=931  \\$a821.162.1(091)(045/046)
=935  \\$avtls000839030$9LOCAL$z48OMNIS_KUL
=945  2\$b2014$b2016
=946  \\$k2017
=950  \\$uhttps://eu05.alma.exlibrisgroup.com/view/uresolver/48OMNIS_NETWORK/openurl?u.ignore_date_coverage=true&portfolio_pid=53667158310005066&Force_direct=true$zZobacz w Polonie$853667158310005066
=955  \7$aArtykuł problemowy$2DBN
=955  \7$aArtykuł z czasopisma filologicznego$2DBN
=958  \\$aInformatyka i technologie informacyjne
=980  \\$aArtykuły
=996  \\$a.b58121948$9local$z48OMNIS_NLOP
=998  \\$ao$9local$z48OMNIS_NLOP
=999  \\$azkd$bbzczdu$x11$y2017
  
