=LDR  02296naa a2200661 i 4500
=001  b0000005883498
=005  20221014143443.3
=008  180125s2016    pl           |000 0 pol  
=009  9910331450305606
=035  \\$a991022126579705066
=035  \\$a(PL-WaBN)b58834989-48omnis_nlop
=035  \\$ab58834989
=035  \\$a(OCoLC)1036618566
=040  \\$aWA N$cWA N
=041  0\$apol$beng
=045  2\$bd2009$bd2015
=046  \\$k2016
=080  \\$a821.162.1(091)(045/046) 
=100  1\$aNadana-Sokołowska, Katarzyna$d(1971- )$eAutor
=245  10$aCzarownice, pijaczki, dziwaczki i - wojowniczki :$bobrazy starzejących się kobiet w wybranych powieściach polskich pisarek współczesnych /$cKatarzyna Nadana-Sokołowska.
=260  \\$c2016.
=336  \\$aTekst$btxt$2rdacontent
=337  \\$aBez urządzenia pośredniczącego$bn$2rdamedia
=338  \\$aWolumin$bnc$2rdacarrier
=380  \\$aArtykuły
=388  1\$a2001-
=504  \\$aBibliografia na stronach 151-152.
=546  \\$aStreszczenie w języku angielskim.
=600  17$aBator, Joanna$d(1968- ).$tCiemno, prawie noc$2DBN
=600  17$aIwasiów, Inga$d(1963- ).$tPięćdziesiątka$2DBN
=648  \7$a2001-$2DBN
=650  \7$aKobieta$2DBN
=650  \7$aLiteratura kobieca$2DBN
=650  \7$aLiteratura polska$2DBN
=650  \7$aOsoby w wieku starszym$2DBN
=650  \7$aPowieść$2DBN
=650  \7$aStarość$2DBN
=655  \7$aArtykuł problemowy$2DBN
=658  \\$aLiteraturoznawstwo
=773  0\$iW:$tOblicza kobiecej starości : literatura i historia.$gs. 143-152$w(PL)b0000005478238
=909  \\$ab0000058834989
=916  \\$aNadana-Sokołowska, Katarzyna   (1971- )
=931  \\$a821.162.1(091)(045/046) 
=945  2\$b2009$b2015
=946  \\$k2016
=955  \7$aArtykuł problemowy$2DBN
=958  \\$aLiteraturoznawstwo
=980  \\$aArtykuły
=996  \\$a.b58834989$9local$z48OMNIS_NLOP
=998  \\$ao$9local$z48OMNIS_NLOP
=999  \\$azkd$bartzwrs
  
