=LDR  02721naa a2200697 i 4500
=001  b0000005895445
=005  20221014143558.4
=008  180207s2017    pl           |000 0 pol  
=009  9910053893105606
=015  \\$aBZCz 2018/11940
=035  \\$a991022615369705066
=035  \\$a(PL-WaBN)b58954454-48omnis_nlop
=035  \\$ab58954454
=035  \\$a(OCoLC)1036653112
=040  \\$aWA N$cWA N
=041  0\$apol$beng
=045  0\$bd1995
=046  \\$k2017
=080  \\$a821.162.1(091)(045/046)
=100  1\$aDe Carlo, Andrea F.$d(1977- )$eAutor
=245  10$a"Ecce femina" - podróż do źródła kobiecości :$bwokół krwi menstruacyjnej we współczesnej literaturze polskiej na podstawie wybranych przykładów - Izabeli Filipiak i Olgi Tokarczuk /$cAndrea F. De Carlo.
=260  \\$c2017.
=336  \\$aTekst$btxt$2rdacontent
=337  \\$aBez urządzenia pośredniczącego$bn$2rdamedia
=338  \\$aWolumin$bnc$2rdacarrier
=380  \\$aArtykuły
=388  1\$a2001-
=504  \\$aBibliografia, netografia na stronach 129-131.
=546  \\$aStreszczenie w języku angielskim.
=600  17$aFilipiak, Izabela$d(1961- ).$tAbsolutna Amnezja$2DBN
=648  \7$a1901-2000$2DBN
=650  \7$aKobiecość$2DBN
=650  \7$aLiteratura polska$2DBN
=650  \7$aMiesiączka$2DBN
=650  \7$aPowieść$2DBN
=655  \7$aArtykuł problemowy$2DBN
=655  \7$aArtykuł z czasopisma filologicznego$2DBN
=658  \\$aLiteraturoznawstwo
=773  0\$iW:$tPostscriptum Polonistyczne : pismo krajowych i zagranicznych polonistów poświęcone zagadnieniom związanym z nauczaniem kultury polskiej i języka polskiego jako obcego.$x1898-1593.$g2017, [nr] 2, s. 119-131$w(PL)b0000002363272
=909  \\$ab0000058954454
=915  \\$aBZCz 2018/11940
=916  \\$aDe Carlo, Andrea F.   (1977- )
=931  \\$a821.162.1(091)(045/046)
=945  0\$b1995
=946  \\$k2017
=950  \\$uhttps://eu05.alma.exlibrisgroup.com/view/uresolver/48OMNIS_NETWORK/openurl?u.ignore_date_coverage=true&portfolio_pid=53667003770005066&Force_direct=true$zZobacz w Polonie$853667003770005066
=955  \7$aArtykuł problemowy$2DBN
=955  \7$aArtykuł z czasopisma filologicznego$2DBN
=958  \\$aLiteraturoznawstwo
=980  \\$aArtykuły
=996  \\$a.b58954454$9local$z48OMNIS_NLOP
=998  \\$ao$9local$z48OMNIS_NLOP
=999  \\$azkd$bbzczab$x02$y2018
  
