=LDR  02510naa a2200685 i 4500
=001  b0000005895448
=005  20221015175050.0
=008  180207s2017    pl           |000 0 pol  
=009  9910434021805606
=015  \\$aBZCz 2018/12124
=035  \\$a991022615479705066
=035  \\$a(PL-WaBN)b5895448x-48omnis_nlop
=035  \\$ab5895448x
=035  \\$a(OCoLC)1036459527
=040  \\$aWA N$cWA N
=041  0\$apol$beng
=045  0\$bd2001
=046  \\$k2017
=080  \\$a821.162.1(091)(045/046)
=100  1\$aSlivková, Ivana$eAutor
=245  10$aMit urody a "Najbrzydsza kobieta świata" Olgi Tokarczuk /$cIvana Slivková.
=260  \\$c2017.
=336  \\$aTekst$btxt$2rdacontent
=337  \\$aBez urządzenia pośredniczącego$bn$2rdamedia
=338  \\$aWolumin$bnc$2rdacarrier
=380  \\$aArtykuły
=388  1\$a2001-
=504  \\$aBibliografia, netografia na stronie 140.
=546  \\$aStreszczenie w języku angielskim.
=600  17$aTokarczuk, Olga$d(1962- ).$tNajbrzydsza kobieta świata$2DBN
=648  \7$a2001-$2DBN
=650  \7$aKobiecość$2DBN
=650  \7$aLiteratura polska$2DBN
=650  \7$aOpowiadania i nowele$2DBN
=650  \7$aPiękno$2DBN
=650  \7$aStereotyp$2DBN
=655  \7$aArtykuł problemowy$2DBN
=655  \7$aArtykuł z czasopisma filologicznego$2DBN
=658  \\$aLiteraturoznawstwo
=773  0\$iW:$tPostscriptum Polonistyczne : pismo krajowych i zagranicznych polonistów poświęcone zagadnieniom związanym z nauczaniem kultury polskiej i języka polskiego jako obcego.$x1898-1593.$g2017, [nr] 2, s. 133-140$w(PL)b0000002363272
=909  \\$ab000005895448x
=915  \\$aBZCz 2018/12124
=916  \\$aSlivková, Ivana   
=931  \\$a821.162.1(091)(045/046)
=945  0\$b2001
=946  \\$k2017
=950  \\$uhttps://eu05.alma.exlibrisgroup.com/view/uresolver/48OMNIS_NETWORK/openurl?u.ignore_date_coverage=true&portfolio_pid=53667005540005066&Force_direct=true$zZobacz w Polonie$853667005540005066
=955  \7$aArtykuł problemowy$2DBN
=955  \7$aArtykuł z czasopisma filologicznego$2DBN
=958  \\$aLiteraturoznawstwo
=980  \\$aArtykuły
=996  \\$a.b5895448x$9local$z48OMNIS_NLOP
=998  \\$ao$9local$z48OMNIS_NLOP
=999  \\$azkd$bbzczab$x02$y2018
  
