=LDR  01940naa a2200577 i 4500
=001  b0000005947136
=005  20221014143511.1
=008  180406s2016    pl           |000 0 pol  
=009  9910137655305606
=035  \\$a991024686979705066
=035  \\$a(PL-WaBN)b59471360-48omnis_nlop
=035  \\$ab59471360
=035  \\$a(OCoLC)1036694190
=040  \\$aWA N$cWA N
=045  1\$bd2014$bd2016
=046  \\$k2016
=080  \\$a821.162.1(091)(045/046)
=100  1\$aPodleszańska, Magdalena$eAutor
=245  10$a"Księgi Jakubowe" Olgi Tokarczuk jako opowieść ciała /$cMagdalena Podleszańska ; Uniwersytet Śląski w Katowicach.
=260  \\$c2016.
=336  \\$aTekst$btxt$2rdacontent
=337  \\$aBez urządzenia pośredniczącego$bn$2rdamedia
=338  \\$aWolumin$bnc$2rdacarrier
=380  \\$aArtykuły
=388  1\$a2001-
=600  17$aTokarczuk, Olga$d(1962- ).$tKsięgi Jakubowe albo Wielka podróż przez siedem granic, pięć języków i trzy duże religie, nie licząc tych małych$2DBN
=648  \7$a2001-$2DBN
=650  \7$aCiało ludzkie$2DBN
=650  \7$aDuchowość$2DBN
=650  \7$aLiteratura polska$2DBN
=650  \7$aPowieść$2DBN
=655  \7$aArtykuł problemowy$2DBN
=658  \\$aLiteraturoznawstwo
=773  0\$iW:$tDoczesne przygody ciała i ducha.$gs. 259-268$w(PL)b0000005477790
=909  \\$ab0000059471360
=916  \\$aPodleszańska, Magdalena   
=931  \\$a821.162.1(091)(045/046)
=945  1\$b2014$b2016
=946  \\$k2016
=955  \7$aArtykuł problemowy$2DBN
=958  \\$aLiteraturoznawstwo
=980  \\$aArtykuły
=996  \\$a.b59471360$9local$z48OMNIS_NLOP
=998  \\$ao$9local$z48OMNIS_NLOP
=999  \\$azkd$bartzwrs
  
