=LDR  02140naa a2200649 i 4500
=001  b0000005965593
=005  20221015175006.7
=008  180430s2018    pl            000 0 pol  
=009  9910166002305606
=015  \\$aPrasa 2018/04/30
=035  \\$a991025491499705066
=035  \\$a(PL-WaBN)b59655938-48omnis_nlop
=035  \\$ab59655938
=035  \\$a(OCoLC)1042465741
=040  \\$aWA N$cWA N
=045  2\$bd2007$bd2018
=046  \\$k2018
=100  1\$aTokarczuk, Olga$d(1962- )$eWywiad
=245  10$aUczucie dziwnego niepokoju /$cz Olgą Tokarczuk rozmawia Natalia Szostak.
=260  \\$c28-29 IV 2018.
=336  \\$aTekst$btxt$2rdacontent
=337  \\$aBez urządzenia pośredniczącego$bn$2rdamedia
=338  \\$aWolumin$bnc$2rdacarrier
=380  \\$aArtykuły
=388  1\$a2001-
=520  8\$aNa marginesie angielskiej edycji powieści "Bieguni".
=600  17$aTokarczuk, Olga$d(1962- ).$tBieguni$2DBN
=648  \7$a2001-$2DBN
=650  \7$aCzytelnictwo$2DBN
=650  \7$aLiteratura polska$2DBN
=650  \7$aOpowiadania i nowele$2DBN
=650  \7$aPisarze polscy$2DBN
=650  \7$aPowieść$2DBN
=651  \7$aPolska$2DBN
=655  \7$aArtykuł z gazety$2DBN
=658  \\$aBibliotekarstwo, archiwistyka, muzealnictwo
=700  1\$aSzostak, Natalia$c(dziennikarz)$eWywiad
=773  0\$iW:$tGazeta Wyborcza (Wyd. zasadnicze).$x0860-908X.$g2018, nr 99, dod. Wyborcza na Majówkę, s. 38-39$w(PL)b0000001301576
=909  \\$ab0000059655938
=915  \\$aPrasa 2018/04/30
=916  \\$aTokarczuk, Olga   (1962- )
=918  1\$aSzostak, Natalia$c(dziennikarz)
=945  2\$b2007$b2018
=946  \\$k2018
=951  \7$aPolska$2DBN
=955  \7$aArtykuł z gazety$2DBN
=958  \\$aBibliotekarstwo, archiwistyka, muzealnictwo
=980  \\$aArtykuły
=996  \\$a.b59655938$9local$z48OMNIS_NLOP
=998  \\$ao$9local$z48OMNIS_NLOP
=999  \\$azkd$bbzczpjkr
  
