=LDR  02016naa a2200613 i 4500
=001  b0000005968458
=005  20221015175118.8
=008  180507s2015    pl           |000 0 pol  
=009  9910328151205606
=035  \\$a991025610609705066
=035  \\$a(PL-WaBN)b59684586-48omnis_nlop
=035  \\$ab59684586
=035  \\$a(OCoLC)1042538806
=040  \\$aWA N$cWA N
=041  0\$apol$beng
=045  2\$bd1981$bd2001
=046  \\$k2015
=080  \\$a821.162.1(091)(045/046) 
=100  1\$aLarenta, Anna$eAutor
=245  10$aStan wojenny w doświadczeniu Anglika :$binterpretacja opowiadania "Profesor Andrews w Warszawie" Olgi Tokarczuk /$cAnna Larenta ; (Uniwersytet w Białymstoku).
=260  \\$c2015.
=336  \\$aTekst$btxt$2rdacontent
=337  \\$aBez urządzenia pośredniczącego$bn$2rdamedia
=338  \\$aWolumin$bnc$2rdacarrier
=380  \\$aArtykuły
=388  1\$a2001-
=546  \\$aStreszczenie w języku angielskim. 
=600  17$aTokarczuk, Olga$d(1962- ).$tProfesor Andrews w Warszawie$2DBN
=648  \7$a1901-2000$2DBN
=648  \7$a1945-1989$2DBN
=650  \7$aLiteratura polska$2DBN
=650  \7$aOpowiadania i nowele$2DBN
=650  \7$aStan wojenny w Polsce (1981-1983)$2DBN
=655  \7$aArtykuł problemowy$2DBN
=658  \\$aLiteraturoznawstwo
=773  0\$iW:$t1984 : literatura i kultura schyłkowego PRL-u.$gs. 197-208$w(PL)b0000005875645
=909  \\$ab0000059684586
=916  \\$aLarenta, Anna   
=931  \\$a821.162.1(091)(045/046) 
=945  2\$b1981$b2001
=946  \\$k2015
=955  \7$aArtykuł problemowy$2DBN
=958  \\$aLiteraturoznawstwo
=980  \\$aArtykuły
=996  \\$a.b59684586$9local$z48OMNIS_NLOP
=998  \\$ao$9local$z48OMNIS_NLOP
=999  \\$azkd$bartzwrs
  
