=LDR  02617naa a2200781 i 4500
=001  b0000005969556
=005  20221014143511.1
=008  180508s2018    pl            000 0 pol  
=009  9910145837905606
=015  \\$aPrasa 2018/05/08
=035  \\$a991025656749705066
=035  \\$a(PL-WaBN)b59695560-48omnis_nlop
=035  \\$ab59695560
=035  \\$a(OCoLC)1042539037
=040  \\$aWA M$cWA M
=045  2\$bd2001$bd2018
=046  \\$k2018
=100  1\$aMasłoń, Krzysztof$d(1953- )$eAutor
=245  10$aPisać każdy może :$bautorzy ważniejsi od samych dzieł /$cKrzysztof Masłoń.
=246  30$aAutorzy ważniejsi od samych dzieł
=260  \\$c5-11 III 2018.
=336  \\$aTekst$btxt$2rdacontent
=337  \\$aBez urządzenia pośredniczącego$bn$2rdamedia
=338  \\$aWolumin$bnc$2rdacarrier
=380  \\$aArtykuły
=388  1\$a2001-
=600  17$aKarpowicz, Ignacy$d(1976- )$2DBN
=600  17$aKuczok, Wojciech$d(1972- )$2DBN
=600  17$aPiątek, Tomasz$d(1974- )$2DBN
=600  17$aSabela, Bartek$d(1982- )$2DBN
=600  17$aStasiuk, Andrzej$d(1960- )$2DBN
=600  17$aSuchanow, Klementyna$d(1974- )$2DBN
=600  17$aSznajderman, Monika$d(1959- )$2DBN
=648  \7$a2001-$2DBN
=650  \7$aAntypolonizm$2DBN
=650  \7$aLiteratura polska$2DBN
=650  \7$aNagrody literackie$2DBN
=650  \7$aPisarze polscy$2DBN
=650  \7$aPolityka$2DBN
=651  \7$aPolska$2DBN
=655  \7$aArtykuł publicystyczny$2DBN
=655  \7$aArtykuł z czasopisma kulturalnego$2DBN
=655  \7$aArtykuł z czasopisma społeczno-politycznego$2DBN
=658  \\$aLiteraturoznawstwo
=773  0\$iW:$tDo Rzeczy : tygodnik Lisickiego.$x2299-8500.$g2018, nr 10, s. 36-39$w(PL)b0000002853238
=909  \\$ab0000059695560
=915  \\$aPrasa 2018/05/08
=916  \\$aMasłoń, Krzysztof   (1953- )
=945  2\$b2001$b2018
=946  \\$k2018
=951  \7$aPolska$2DBN
=955  \7$aArtykuł publicystyczny$2DBN
=955  \7$aArtykuł z czasopisma kulturalnego$2DBN
=955  \7$aArtykuł z czasopisma społeczno-politycznego$2DBN
=958  \\$aLiteraturoznawstwo
=980  \\$aArtykuły
=996  \\$a.b59695560
=998  \\$ao
=999  \\$aWA M$bBD
  
