=LDR  02445naa a2200733 i 4500
=001  b0000005971723
=005  20221224142253.9
=008  180510s2018    pl            000 0 pol  
=009  9910031741005606
=015  \\$aPrasa 2018/05/10
=035  \\$a991025746149705066
=035  \\$a(PL-WaBN)b59717233-48omnis_nlop
=035  \\$ab59717233
=035  \\$a(OCoLC)1042463333
=040  \\$aBPTOR$cBPTOR
=045  2\$bd1962$bd2018
=046  \\$k2018
=100  1\$aTokarczuk, Olga$d(1962- )$eWywiad
=245  10$aNasz bizarny świat /$cOlga Tokarczuk ; rozmawia Aleksandra Pawlicka.
=260  \\$c23 IV - 6 V 2018.
=336  \\$aTekst$btxt$2rdacontent
=337  \\$aBez urządzenia pośredniczącego$bn$2rdamedia
=338  \\$aWolumin$bnc$2rdacarrier
=380  \\$aArtykuły
=388  1\$a2001-
=600  17$aTokarczuk, Olga$d(1962- )$2DBN
=648  \7$a1901-2000$2DBN
=648  \7$a1945-1989$2DBN
=648  \7$a1989-2000$2DBN
=650  \7$aPisarze polscy$2DBN
=651  \7$aPolska$2DBN
=655  \7$aArtykuł z czasopisma kulturalnego$2DBN
=655  \7$aArtykuł z czasopisma społeczno-politycznego$2DBN
=655  \7$aArtykuł z tygodnika opinii$2DBN
=658  \\$aLiteraturoznawstwo
=700  1\$aPawlicka, Aleksandra$d(1966- )$eWywiad
=773  0\$iW:$tNewsweek Polska.$x1642-5685.$g2018, nr 18/19, s. 6-8, 10-11$w(PL)b0000001458514
=909  \\$ab0000059717233
=915  \\$aPrasa 2018/05/10
=916  \\$aTokarczuk, Olga   (1962- )
=918  1\$aPawlicka, Aleksandra$d(1966- )
=945  2\$b1962$b2018
=946  \\$k2018
=951  \7$aPolska$2DBN
=953  \\$a271285$9LOCAL$z48OMNIS_ZAM
=955  \7$aArtykuł z czasopisma kulturalnego$2DBN
=955  \7$aArtykuł z czasopisma społeczno-politycznego$2DBN
=955  \7$aArtykuł z tygodnika opinii$2DBN
=958  \\$aLiteraturoznawstwo
=963  \\$aZAM_1$9LOCAL$z48OMNIS_ZAM
=980  \\$aArtykuły
=991  \\$aCzyt. Czasop.$9LOCAL$z48OMNIS_ZAM
=996  \\$a.b59717233
=998  \\$ao
=999  \\$aBPTOR$baw
  
