=LDR  01960naa a2200625 i 4500
=001  b0000005974324
=005  20221015174923.6
=008  180514s2017    pl           |000 0 pol  
=009  9910251982305606
=035  \\$a991025855119705066
=035  \\$a(PL-WaBN)b59743244-48omnis_nlop
=035  \\$ab59743244
=035  \\$a(OCoLC)1042534977
=040  \\$aWA N$cWA N
=041  0\$apol$beng
=045  0\$bd1993
=046  \\$k2017
=080  \\$a821.162.1(091)(045/046) 
=100  1\$aKerlin, Agnieszka$eAutor
=245  10$aDroga do pełni w powieści Olgi Tokarczuk "Podróż ludzi Księgi" /$cAgnieszka Kerlin.
=260  \\$c2017.
=336  \\$aTekst$btxt$2rdacontent
=337  \\$aBez urządzenia pośredniczącego$bn$2rdamedia
=338  \\$aWolumin$bnc$2rdacarrier
=380  \\$aArtykuły
=388  1\$a2001-
=546  \\$aStreszczenie w języku angielskim.
=600  17$aTokarczuk, Olga$d(1962- ).$tPodróż Ludzi Księgi$2DBN
=648  \7$a1901-2000$2DBN
=650  \7$aLiteratura polska$2DBN
=650  \7$aNieświadomość$2DBN
=650  \7$aOsobowość$2DBN
=650  \7$aPowieść$2DBN
=650  \7$aPsychoanaliza$2DBN
=655  \7$aArtykuł problemowy$2DBN
=658  \\$aLiteraturoznawstwo
=773  0\$iW:$tKultura wobec nieświadomego : studia (post)psychoanalityczne.$gs. 153-167$w(PL)b0000005780109
=909  \\$ab0000059743244
=916  \\$aKerlin, Agnieszka   
=931  \\$a821.162.1(091)(045/046) 
=945  0\$b1993
=946  \\$k2017
=955  \7$aArtykuł problemowy$2DBN
=958  \\$aLiteraturoznawstwo
=980  \\$aArtykuły
=996  \\$a.b59743244$9local$z48OMNIS_NLOP
=998  \\$ao$9local$z48OMNIS_NLOP
=999  \\$azkd$bartzwrs
  
