=LDR  01939naa a2200625 i 4500
=001  b0000005982790
=005  20221014143443.3
=008  180524s2018    pl            000 0 pol  
=009  9910068812405606
=015  \\$aPrasa 2018/05/24
=035  \\$a991026209059705066
=035  \\$a(PL-WaBN)b59827907-48omnis_nlop
=035  \\$ab59827907
=035  \\$a(OCoLC)1042463245
=040  \\$aGD W$cGD W
=045  0\$bd2018
=046  \\$k2018
=100  1\$aKube, Marcin$eAutor
=245  10$aTokarczuk z Brookerem /$cMarcin Kube.
=260  \\$c24 V 2018.
=336  \\$aTekst$btxt$2rdacontent
=337  \\$aBez urządzenia pośredniczącego$bn$2rdamedia
=338  \\$aWolumin$bnc$2rdacarrier
=380  \\$aArtykuły
=388  1\$a2001-
=520  8\$aNagrodę przyznano za książkę: "Bieguni" (Flights) w tłumaczeniu Jennifer Croft.
=600  17$aCroft, Jennifer$2DBN
=648  \7$a2001-$2DBN
=650  \7$aLiteratura polska$2DBN
=650  \7$aNagroda Bookera$2DBN
=651  \7$aWielka Brytania$2DBN
=655  \7$aArtykuł publicystyczny$2DBN
=658  \\$aLiteraturoznawstwo
=773  0\$iW:$tRzeczpospolita (Wyd. zasadnicze).$x0208-9130.$g2018, nr 119, s. A9$w(PL)b0000001472831
=909  \\$ab0000059827907
=915  \\$aPrasa 2018/05/24
=916  \\$aKube, Marcin   
=945  0\$b2018
=946  \\$k2018
=951  \7$aWielka Brytania$2DBN
=955  \7$aArtykuł publicystyczny$2DBN
=958  \\$aLiteraturoznawstwo
=980  \\$aArtykuły
=996  \\$a.b59827907
=998  \\$ao
=999  \\$aGD W$bjd$cjkr
  
