=LDR  02033naa a2200625 i 4500
=001  b0000005984793
=005  20221014143443.3
=008  180527s2018    pl            000 0 pol  
=009  9910048946905606
=015  \\$aPrasa 2018/05/27
=035  \\$a991026291579705066
=035  \\$a(PL-WaBN)b59847931-48omnis_nlop
=035  \\$ab59847931
=035  \\$a(OCoLC)1042453024
=040  \\$aWA N$cWA N
=045  2\$bd1989$bd2018
=046  \\$k2018
=100  1\$aSosnowski, Jerzy$d(1962- )$eAutor
=245  10$aTokarczuk :$bnajwyższy level /$cJerzy Sosnowski.
=260  \\$c26-27 V 2018.
=336  \\$aTekst$btxt$2rdacontent
=337  \\$aBez urządzenia pośredniczącego$bn$2rdamedia
=338  \\$aWolumin$bnc$2rdacarrier
=380  \\$aArtykuły
=388  1\$a2001-
=520  8\$aNa marginesie przyznania Nagrody Brookera za książkę "Bieguni" (Flights) w tłumaczeniu Jennifer Croft.
=600  17$aCroft, Jennifer$2DBN
=648  \7$a1901-2000$2DBN
=648  \7$a1989-2000$2DBN
=650  \7$aLiteratura polska$2DBN
=650  \7$aNagroda Bookera$2DBN
=651  \7$aWielka Brytania$2DBN
=655  \7$aArtykuł publicystyczny$2DBN
=658  \\$aLiteraturoznawstwo
=773  0\$iW:$tGazeta Wyborcza (Wyd. zasadnicze).$x0860-908X.$g2018, nr 121, s. 26$w(PL)b0000001301576
=909  \\$ab0000059847931
=915  \\$aPrasa 2018/05/27
=916  \\$aSosnowski, Jerzy   (1962- )
=945  2\$b1989$b2018
=946  \\$k2018
=951  \7$aWielka Brytania$2DBN
=955  \7$aArtykuł publicystyczny$2DBN
=958  \\$aLiteraturoznawstwo
=980  \\$aArtykuły
=996  \\$a.b59847931$9local$z48OMNIS_NLOP
=998  \\$ao$9local$z48OMNIS_NLOP
=999  \\$azkd$bbzczpjkr
  
