=LDR  01899naa a2200589 i 4500
=001  b0000005984794
=005  20221014143558.4
=008  180527s2018    pl            000 0 pol  
=009  9910015889905606
=015  \\$aPrasa 2018/05/27
=035  \\$a991026291629705066
=035  \\$a(PL-WaBN)b59847943-48omnis_nlop
=035  \\$ab59847943
=035  \\$a(OCoLC)1042440831
=040  \\$aWA N$cWA N
=045  0\$bd2018
=046  \\$k2018
=100  1\$aTokarczuk, Olga$d(1962- )$eWywiad
=245  10$aPerspektywy z londyńskiej taksówki :$bz Olgą Tokarczuk, laureatką The Man Brooker International Prize 2018, rozmawia Michał Nogaś.
=260  \\$c26-27 V 2018.
=336  \\$aTekst$btxt$2rdacontent
=337  \\$aBez urządzenia pośredniczącego$bn$2rdamedia
=338  \\$aWolumin$bnc$2rdacarrier
=380  \\$aArtykuły
=388  1\$a2001-
=600  17$aCroft, Jennifer$2DBN
=648  \7$a2001-$2DBN
=650  \7$aLiteratura polska$2DBN
=650  \7$aNagroda Bookera$2DBN
=651  \7$aWielka Brytania$2DBN
=655  \7$aArtykuł z gazety$2DBN
=658  \\$aLiteraturoznawstwo
=700  1\$aNogaś, Michał$d(1978- )$eWywiad
=773  0\$iW:$tGazeta Wyborcza (Wyd. zasadnicze).$x0860-908X.$g2018, nr 121, s. 27$w(PL)b0000001301576
=909  \\$ab0000059847943
=915  \\$aPrasa 2018/05/27
=916  \\$aTokarczuk, Olga   (1962- )
=918  1\$aNogaś, Michał$d(1978- )
=945  0\$b2018
=946  \\$k2018
=951  \7$aWielka Brytania$2DBN
=955  \7$aArtykuł z gazety$2DBN
=958  \\$aLiteraturoznawstwo
=980  \\$aArtykuły
=996  \\$a.b59847943$9local$z48OMNIS_NLOP
=998  \\$ao$9local$z48OMNIS_NLOP
=999  \\$azkd$bbzczpjkr
  
