=LDR  03682naa a2201117 i 4500
=001  b0000005990693
=005  20221014143542.6
=008  180605s2018    pl            000 0 pol  
=009  9910519865005606
=015  \\$aPrasa 2018/06/05
=035  \\$a991026535869705066
=035  \\$a(PL-WaBN)b59906935-48omnis_nlop
=035  \\$ab59906935
=035  \\$a(OCoLC)1042532171
=040  \\$aZAM 001$cZAM 001
=045  2\$bd1939$bd2018
=046  \\$k2018
=100  1\$aPiński, Jan$d(1979- )$eAutor
=245  10$aNagrody za antypolonizm /$cJan Piński.
=260  \\$c28 V - 10 VI 2018.
=336  \\$aTekst$btxt$2rdacontent
=337  \\$aBez urządzenia pośredniczącego$bn$2rdamedia
=338  \\$aWolumin$bnc$2rdacarrier
=380  \\$aArtykuły
=388  1\$a2001-
=600  17$aHolland, Agnieszka$d(1948- )$2DBN
=600  17$aPawlikowski, Paweł$d(1957- )$2DBN
=600  17$aPiwowski, Marek$d(1935- )$2DBN
=600  17$aSzumowska, Małgorzata$d(1973- )$2DBN
=600  17$aTokarczuk, Olga$d(1962- ).$tBieguni$2DBN
=630  07$aIda (film)$2DBN
=630  07$aTwarz (film)$2DBN
=630  07$aUprowadzenie Agaty (film)$2DBN
=630  07$aW ciemności (film)$2DBN
=648  \7$a1901-2000$2DBN
=648  \7$a1939-1945$2DBN
=648  \7$a1945-1989$2DBN
=648  \7$a1989-2000$2DBN
=650  \7$aAntypolonizm$2DBN
=650  \7$aFilm polski $2DBN
=650  \7$aII wojna światowa (1939-1945)$2DBN
=650  \7$aLiteratura polska$2DBN
=650  \7$aNagrody artystyczne$2DBN
=650  \7$aPisarze polscy$2DBN
=650  \7$aPolityka historyczna$2DBN
=650  \7$aPolityka kulturalna$2DBN
=650  \7$aPropaganda$2DBN
=650  \7$aReżyserzy polscy$2DBN
=650  \7$aŚwiadomość społeczna$2DBN
=650  \7$aTematy i motywy$2DBN
=651  \7$aNiemcy$2DBN
=651  \7$aPolska$2DBN
=651  \7$aStany Zjednoczone (USA)$2DBN
=655  \7$aArtykuł publicystyczny$2DBN
=655  \7$aArtykuł z czasopisma społeczno-politycznego$2DBN
=658  \\$aHistoria 
=658  \\$aKultura i sztuka
=658  \\$aPolityka, politologia, administracja publiczna
=773  0\$iW:$tNajwyższy Czas! : pismo konserwatywno-liberalne.$x0867-0366.$g2018, nr 23/24, s. VIII-IX$w(PL)b0000001101197
=909  \\$ab0000059906935
=915  \\$aPrasa 2018/06/05
=916  \\$aPiński, Jan   (1979- )
=930  07$aIda (film)$2DBN
=930  07$aTwarz (film)$2DBN
=930  07$aUprowadzenie Agaty (film)$2DBN
=930  07$aW ciemności (film)$2DBN
=945  2\$b1939$b2018
=946  \\$k2018
=951  \7$aNiemcy$2DBN
=951  \7$aPolska$2DBN
=951  \7$aStany Zjednoczone (USA)$2DBN
=955  \7$aArtykuł publicystyczny$2DBN
=955  \7$aArtykuł z czasopisma społeczno-politycznego$2DBN
=958  \\$aHistoria 
=958  \\$aKultura i sztuka
=958  \\$aPolityka, politologia, administracja publiczna
=980  \\$aArtykuły
=996  \\$a.b59906935
=998  \\$ao
=999  \\$aZAM 001$bAK$cjkr
  
