=LDR  01957naa a2200625 i 4500
=001  b0000005992813
=005  20221111172803.9
=008  180607s2018    pl            000 0 pol  
=009  9910145326405606
=015  \\$aPrasa 2018/06/07
=035  \\$a991026624219705066
=035  \\$a(PL-WaBN)b5992813x-48omnis_nlop
=035  \\$ab5992813x
=035  \\$a(OCoLC)1042464898
=040  \\$aBPTOR$cBPTOR$dWA N
=045  0\$bd2018
=046  \\$k2018
=100  1\$aBratkowski, Piotr$d(1955-2021)$eAutor
=245  10$aBiec, frunąć, myśleć /$cPiotr Bratkowski.
=260  \\$c28 V - 3 VI 2018.
=336  \\$aTekst$btxt$2rdacontent
=337  \\$aBez urządzenia pośredniczącego$bn$2rdamedia
=338  \\$aWolumin$bnc$2rdacarrier
=380  \\$aArtykuły
=388  1\$a2001-
=600  17$aTokarczuk, Olga$d(1962- ).$tBieguni$2DBN
=648  \7$a2001-$2DBN
=650  \7$aLiteratura polska$2DBN
=650  \7$aNagroda Bookera$2DBN
=651  \7$aWielka Brytania$2DBN
=655  \7$aArtykuł publicystyczny$2DBN
=658  \\$aLiteraturoznawstwo
=773  0\$iW:$tNewsweek Polska.$x1642-5685.$g2018, nr 23, s. 114-115$w(PL)b0000001458514
=909  \\$ab000005992813x
=915  \\$aPrasa 2018/06/07
=916  \\$aBratkowski, Piotr   (1955-2021)
=945  0\$b2018
=946  \\$k2018
=951  \7$aWielka Brytania$2DBN
=953  \\$a273643$9LOCAL$z48OMNIS_ZAM
=955  \7$aArtykuł publicystyczny$2DBN
=958  \\$aLiteraturoznawstwo
=963  \\$aZAM_1$9LOCAL$z48OMNIS_ZAM
=980  \\$aArtykuły
=991  \\$aCzyt. Czasop.$9LOCAL$z48OMNIS_ZAM
=996  \\$a.b5992813x
=998  \\$ao
=999  \\$aBPTOR$baw
  
