=LDR  01921naa a2200601 i 4500
=001  b0000005993625
=005  20221015175133.2
=008  180608s2018    pl            000 0 pol  
=009  9910191642905606
=015  \\$aPrasa 2018/06/08
=035  \\$a991026657949705066
=035  \\$a(PL-WaBN)b59936253-48omnis_nlop
=035  \\$ab59936253
=035  \\$a(OCoLC)1042473975
=040  \\$aWA N$cWA N
=045  0\$bd2018
=046  \\$k2018
=100  1\$aMiłkowski, Tomasz$d(1947- )$eAutor
=245  10$a"Bieguni" albo furtka ocalenia /$cTomasz Miłkowski.
=260  \\$c8-10 VI 2018.
=336  \\$aTekst$btxt$2rdacontent
=337  \\$aBez urządzenia pośredniczącego$bn$2rdamedia
=338  \\$aWolumin$bnc$2rdacarrier
=380  \\$aArtykuły
=388  1\$a2001-
=600  17$aTokarczuk, Olga$d(1962- ).$tBieguni$2DBN
=648  \7$a2001-$2DBN
=650  \7$aLiteratura polska$2DBN
=650  \7$aNagroda Bookera$2DBN
=651  \7$aWielka Brytania$2DBN
=655  \7$aArtykuł publicystyczny$2DBN
=655  \7$aArtykuł z czasopisma społeczno-politycznego$2DBN
=658  \\$aLiteraturoznawstwo
=773  0\$iW:$tDziennik Trybuna.$x2300-3197.$g2018, nr 113, s. 20$w(PL)b0000002890472
=909  \\$ab0000059936253
=915  \\$aPrasa 2018/06/08
=916  \\$aMiłkowski, Tomasz   (1947- )
=945  0\$b2018
=946  \\$k2018
=951  \7$aWielka Brytania$2DBN
=955  \7$aArtykuł publicystyczny$2DBN
=955  \7$aArtykuł z czasopisma społeczno-politycznego$2DBN
=958  \\$aLiteraturoznawstwo
=980  \\$aArtykuły
=996  \\$a.b59936253$9local$z48OMNIS_NLOP
=998  \\$ao$9local$z48OMNIS_NLOP
=999  \\$azkd$bbzczpmp
  
