=LDR  01836naa a2200601 i 4500
=001  b0000005994213
=005  20221015174952.3
=008  180609s2018    pl            000 0 pol  
=009  9910178947505606
=015  \\$aPrasa 2018/06/09
=035  \\$a991026681949705066
=035  \\$a(PL-WaBN)b59942137-48omnis_nlop
=035  \\$ab59942137
=035  \\$a(OCoLC)1042512369
=040  \\$aWA M$cWA M
=045  0\$bd2018
=046  \\$k2018
=100  1\$aBoroń, Piotr$d(1965- )$eAutor
=245  10$aKlęska,  nie literacki triumf /$cPiotr Boroń
=260  \\$c28 V 2018
=336  \\$aTekst$btxt$2rdacontent
=337  \\$aBez urządzenia pośredniczącego$bn$2rdamedia
=338  \\$aWolumin$bnc$2rdacarrier
=380  \\$aArtykuły
=388  1\$a2001-
=600  17$aGliński, Piotr$d(1954- )$2DBN
=648  \7$a2001-$2DBN
=650  \7$aLiteratura polska$2DBN
=650  \7$aNagroda Bookera$2DBN
=651  \7$aWielka Brytania$2DBN
=655  \7$aArtykuł publicystyczny$2DBN
=658  \\$aLiteraturoznawstwo
=773  0\$iW:$tNasz Dziennik (Wyd. zasadnicze).$x1429-4834.$g2018, nr 121, s. 13$w(PL)b0000001354813
=909  \\$ab0000059942137
=915  \\$aPrasa 2018/06/09
=916  \\$aBoroń, Piotr   (1965- )
=945  0\$b2018
=946  \\$k2018
=951  \7$aWielka Brytania$2DBN
=955  \7$aArtykuł publicystyczny$2DBN
=958  \\$aLiteraturoznawstwo
=980  \\$aArtykuły
=996  \\$a.b59942137
=998  \\$ao
=999  \\$aWA M$bMD$cjkr
  
