=LDR  02363naa a2200685 i 4500
=001  b0000006002867
=005  20211030063632.2
=008  180621s2018    pl            000 0 pol  
=009  9910491532205606
=015  \\$aPrasa 2018/06/21
=035  \\$a991027035359705066
=035  \\$a(PL-WaBN)b60028671-48omnis_nlop
=035  \\$ab60028671
=035  \\$a(OCoLC)1051241661
=040  \\$aKR M$cKR M
=045  2\$bd2007$bd2018
=046  \\$k2018
=100  1\$aBarbaruk, Magdalena$d(1981- )$eAutor
=245  10$aBiegnij, Olga, biegnij! /$cMagdalena Barbaruk.
=260  \\$c3 VI 2018.
=336  \\$aTekst$btxt$2rdacontent
=337  \\$aBez urządzenia pośredniczącego$bn$2rdamedia
=338  \\$aWolumin$bnc$2rdacarrier
=380  \\$aArtykuły
=388  1\$a2001-
=520  8\$aNa marginesie przyznania Nagrody Brookera za książkę "Bieguni" (Flights) w tłumaczeniu Jennifer Croft.
=600  17$aCroft, Jennifer$2DBN
=648  \7$a2001-$2DBN
=650  \7$aLiteratura polska$2DBN
=650  \7$aNagroda Bookera$2DBN
=651  \7$aWielka Brytania$2DBN
=655  \7$aArtykuł publicystyczny$2DBN
=655  \7$aArtykuł z czasopisma katolickiego$2DBN
=655  \7$aArtykuł z czasopisma kulturalnego$2DBN
=658  \\$aLiteraturoznawstwo
=773  0\$iW:$tTygodnik Powszechny : katolickie pismo społeczno-kulturalne.$x0041-4808.$g2018, nr 23, s. 78-81$w(PL)b0000001298071
=902  \\$a180912$c180621$dm$eb$f-$g0
=909  \\$ab0000060028671
=915  \\$aPrasa 2018/06/21
=916  \\$aBarbaruk, Magdalena   (1981- )
=945  2\$b2007$b2018
=946  \\$k2018
=951  \7$aWielka Brytania$2DBN
=955  \7$aArtykuł publicystyczny$2DBN
=955  \7$aArtykuł z czasopisma katolickiego$2DBN
=955  \7$aArtykuł z czasopisma kulturalnego$2DBN
=958  \\$aLiteraturoznawstwo
=980  \\$aArtykuły
=996  \\$a.b60028671
=998  \\$ao
=999  \\$aKR M$bam
  
