=LDR  02945naa a2200805 i 4500
=001  b0000006008876
=005  20221014143542.6
=008  180629s2017    pl           |000 0 fre  
=009  9910445911305606
=015  \\$aBZCz 2018/36796
=035  \\$a991027284989705066
=035  \\$a(PL-WaBN)b6008876x-48omnis_nlop
=035  \\$ab6008876x
=035  \\$a(OCoLC)1051257354
=040  \\$aWA N$cWA N
=041  0\$afre$beng
=045  2\$bd1996$bd2001
=046  \\$k2017
=080  \\$a80/81(045/046)
=100  1\$aSkibińska, Elżbieta$d(1956- )$eAutor
=245  13$aLe "réalisme magique" de "Prawiek i inne czasy" d’Olga Tokarczuk filtré par la traduction  :$bétude comparative des traductions tchèque, française et espagnole /$cElżbieta Skibińska, Regina Solová, Justyna Wesoła ; Université de Wrocław.
=260  \\$c2017.
=336  \\$aTekst$btxt$2rdacontent
=337  \\$aBez urządzenia pośredniczącego$bn$2rdamedia
=338  \\$aWolumin$bnc$2rdacarrier
=380  \\$aArtykuły
=388  1\$a2001-
=504  \\$aBibliografia, netografia na stronach 109-111.
=546  \\$aStreszczenie w języku angielskim.
=600  17$aTokarczuk, Olga$d(1962- ).$tPrawiek i inne czasy$2DBN
=648  \7$a1901-2000$2DBN
=648  \7$a1989-2000$2DBN
=650  \7$aLiteratura polska$2DBN
=650  \7$aPowieść$2DBN
=650  \7$aPrzekłady czeskie$2DBN
=650  \7$aPrzekłady francuskie$2DBN
=650  \7$aPrzekłady hiszpańskie$2DBN
=655  \7$aArtykuł problemowy$2DBN
=655  \7$aArtykuł z czasopisma filologicznego$2DBN
=658  \\$aJęzykoznawstwo
=700  1\$aSolová, Regina$eAutor
=773  0\$iW:$tMiędzy Oryginałem a Przekładem.$x1689-9121.$gR. 23, nr 1/4 (2017), s. 83-112$w(PL)b0000003250578
=909  \\$ab000006008876x
=915  \\$aBZCz 2018/36796
=916  \\$aSkibińska, Elżbieta   (1956- )
=918  1\$aSolová, Regina
=931  \\$a80/81(045/046)
=945  2\$b1996$b2001
=946  \\$k2017
=950  \\$uhttps://eu05.alma.exlibrisgroup.com/view/uresolver/48OMNIS_NETWORK/openurl?u.ignore_date_coverage=true&portfolio_pid=53670948580005066&Force_direct=true$zZobacz w Polonie$853670948580005066
=955  \7$aArtykuł problemowy$2DBN
=955  \7$aArtykuł z czasopisma filologicznego$2DBN
=958  \\$aJęzykoznawstwo
=980  \\$aArtykuły
=996  \\$a.b6008876x$9local$z48OMNIS_NLOP
=998  \\$ao$9local$z48OMNIS_NLOP
=999  \\$azkd$bbzczat$x07$y2018
  
