=LDR  01861naa a2200577 i 4500
=001  b0000006009805
=005  20221015175118.8
=008  180702s2015    pl           |000 0 pol  
=009  9910243867005606
=035  \\$a991027323129705066
=035  \\$a(PL-WaBN)b60098053-48omnis_nlop
=035  \\$ab60098053
=035  \\$a(OCoLC)1051247968
=040  \\$aWA N$cWA N
=045  0\$bd2007
=046  \\$k2015
=080  \\$a821.162.1(091)(045/046) 
=100  1\$aWieliczko, Karolina Ewa$d(1986- )$eAutor
=245  10$aŚwiat zamknięty w panoptikum :$bheterotopie i nie-miejsca w "Biegunach" Olgi Tokarczuk /$cKarolina Wieliczko-Paluch ; Uniwersytet Marii Curie-Skłodowskiej.
=260  \\$c2015.
=336  \\$aTekst$btxt$2rdacontent
=337  \\$aBez urządzenia pośredniczącego$bn$2rdamedia
=338  \\$aWolumin$bnc$2rdacarrier
=380  \\$aArtykuły
=388  1\$a2001-
=600  17$aTokarczuk, Olga$d(1962- ).$tBieguni$2DBN
=648  \7$a2001-$2DBN
=650  \7$aHeterotopie$2DBN
=650  \7$aLiteratura polska$2DBN
=650  \7$aNie-miejsca$2DBN
=650  \7$aPowieść$2DBN
=655  \7$aArtykuł problemowy$2DBN
=658  \\$aLiteraturoznawstwo
=773  0\$iW:$tMiejsca od-miejscowione.$gs. 107-115$w(PL)b0000005164040
=909  \\$ab0000060098053
=916  \\$aWieliczko, Karolina Ewa   (1986- )
=931  \\$a821.162.1(091)(045/046) 
=945  0\$b2007
=946  \\$k2015
=955  \7$aArtykuł problemowy$2DBN
=958  \\$aLiteraturoznawstwo
=980  \\$aArtykuły
=996  \\$a.b60098053$9local$z48OMNIS_NLOP
=998  \\$ao$9local$z48OMNIS_NLOP
=999  \\$azkd$bartzwrs$bmib
  
