=LDR  01821naa a2200601 i 4500
=001  b0000006011450
=005  20221015174855.0
=008  180704s2018    pl            000 0 pol  
=009  9910173082505606
=015  \\$aPrasa 2018/07/04
=035  \\$a991027391229705066
=035  \\$a(PL-WaBN)b60114502-48omnis_nlop
=035  \\$ab60114502
=035  \\$a(OCoLC)1051247083
=040  \\$aPOZN W$cPOZN W
=045  2\$bd1970$bd2018
=046  \\$k2018
=100  1\$aBugajski, Leszek$d(1949- )$eAutor
=245  10$aRuszyła winda na literacki szczyt /$cLeszek Bugajski.
=260  \\$c28 V - 3 VI 2018.
=336  \\$aTekst$btxt$2rdacontent
=337  \\$aBez urządzenia pośredniczącego$bn$2rdamedia
=338  \\$aWolumin$bnc$2rdacarrier
=380  \\$aArtykuły
=388  1\$a2001-
=600  17$aTokarczuk, Olga$d(1962- )$2DBN
=648  \7$a1901-2000$2DBN
=648  \7$a1945-1989$2DBN
=648  \7$a1989-2000$2DBN
=650  \7$aPisarze polscy$2DBN
=651  \7$aPolska$2DBN
=655  \7$aArtykuł publicystyczny$2DBN
=658  \\$aLiteraturoznawstwo
=773  0\$iW:$tWprost (Poznań).$x0209-1747.$g2018, nr 22, s. 83-85$w(PL)b0000001538668
=909  \\$ab0000060114502
=915  \\$aPrasa 2018/07/04
=916  \\$aBugajski, Leszek   (1949- )
=945  2\$b1970$b2018
=946  \\$k2018
=951  \7$aPolska$2DBN
=955  \7$aArtykuł publicystyczny$2DBN
=958  \\$aLiteraturoznawstwo
=980  \\$aArtykuły
=996  \\$a.b60114502
=998  \\$ao
=999  \\$aPOZN W$buc
  
