=LDR  02446naa a2200697 i 4500
=001  b0000006019991
=005  20221014143614.2
=008  180716s2018    pl            000 0 pol  
=009  9910142302505606
=015  \\$aPrasa 2018/07/16
=035  \\$a991027742749705066
=035  \\$a(PL-WaBN)b6019991x-48omnis_nlop
=035  \\$ab6019991x
=035  \\$a(OCoLC)1051243701
=040  \\$aKR M$cKR M
=045  2\$bd1962$bd2018
=046  \\$k2018
=100  1\$aSowiński, Michał$eAutor
=245  10$aO.T. /$cMichał Sowiński.
=260  \\$c15 VII 2018.
=336  \\$aTekst$btxt$2rdacontent
=337  \\$aBez urządzenia pośredniczącego$bn$2rdamedia
=338  \\$aWolumin$bnc$2rdacarrier
=380  \\$aArtykuły
=388  1\$a2001-
=600  17$aTokarczuk, Olga$d(1962- )$2DBN
=611  27$aFestiwal Stolica Języka Polskiego$n(4 ;$d2018 ;$cSzczebrzeszyn)$2DBN
=648  \7$a1901-2000$2DBN
=648  \7$a1901-2000$2DBN
=648  \7$a1989-2000$2DBN
=650  \7$aKonkursy i festiwale kulturalne$2DBN
=650  \7$aLiteratura polska$2DBN
=651  \7$aSzczebrzeszyn (woj. lubelskie, pow. zamojski, gm. Szczebrzeszyn)$2DBN
=655  \7$aArtykuł publicystyczny$2DBN
=655  \7$aArtykuł z czasopisma katolickiego$2DBN
=655  \7$aArtykuł z czasopisma kulturalnego$2DBN
=658  \\$aLiteraturoznawstwo
=773  0\$iW:$tTygodnik Powszechny : katolickie pismo społeczno-kulturalne.$x0041-4808.$g2018, nr 29, dod. Festiwal Stolica Języka Polskiego, s. 16-17$w(PL)b0000001298071
=909  \\$ab000006019991x
=915  \\$aPrasa 2018/07/16
=916  \\$aSowiński, Michał   
=945  2\$b1962$b2018
=946  \\$k2018
=951  \7$aSzczebrzeszyn (woj. lubelskie, pow. zamojski, gm. Szczebrzeszyn)$2DBN
=955  \7$aArtykuł publicystyczny$2DBN
=955  \7$aArtykuł z czasopisma katolickiego$2DBN
=955  \7$aArtykuł z czasopisma kulturalnego$2DBN
=958  \\$aLiteraturoznawstwo
=980  \\$aArtykuły
=996  \\$a.b6019991x
=998  \\$ao
=999  \\$aKR M$bjn
  
