=LDR  01975naa a2200625 i 4500
=001  b0000006026160
=005  20221014143614.2
=008  180725s2018    pl           |000 0 pol  
=009  9910527494005606
=035  \\$a991027995139705066
=035  \\$a(PL-WaBN)b60261602-48omnis_nlop
=035  \\$ab60261602
=035  \\$a(OCoLC)1051269312
=040  \\$aWA N$cWA N
=041  0\$apol$beng
=045  2\$bd1997$bd1998
=046  \\$k2018
=080  \\$a821.162.1(091)(045/046) 
=100  1\$aPołtyn, Joanna$eAutor
=245  10$aPrywatne światy gnostyczne /$cJoanna Połtyn.
=260  \\$c2018.
=336  \\$aTekst$btxt$2rdacontent
=337  \\$aBez urządzenia pośredniczącego$bn$2rdamedia
=338  \\$aWolumin$bnc$2rdacarrier
=380  \\$aArtykuły
=388  1\$a2001-
=546  \\$aStreszczenie w języku angielskim.
=600  17$aStasiuk, Andrzej$d(1960- ).$tDukla$2DBN
=648  \7$a1901-2000$2DBN
=650  \7$aGnostycyzm$2DBN
=650  \7$aLiteratura polska$2DBN
=650  \7$aOpowiadania i nowele$2DBN
=650  \7$aPowieść$2DBN
=655  \7$aArtykuł problemowy$2DBN
=658  \\$aLiteraturoznawstwo
=773  0\$iW:$tMiejsca, ludzie, opowieści : o twórczości Andrzeja Stasiuka : studia i szkice.$gs. 283-299$w(PL)b0000006022794
=909  \\$ab0000060261602
=916  \\$aPołtyn, Joanna   
=931  \\$a821.162.1(091)(045/046) 
=945  2\$b1997$b1998
=946  \\$k2018
=955  \7$aArtykuł problemowy$2DBN
=958  \\$aLiteraturoznawstwo
=980  \\$aArtykuły
=996  \\$a.b60261602$9local$z48OMNIS_NLOP
=998  \\$ao$9local$z48OMNIS_NLOP
=999  \\$azkd$bartzwrs$bmib
  
