=LDR  04090nam a2200985 i 4500
=001  b0000006046705
=005  20221016120747.6
=008  180829s2018    pl a     6   |000 1 pol  
=009  9910355096005606
=015  \\$aUWD 2018/26227
=020  \\$a9788364638442$czł 99
=035  \\$a991028841309705066
=035  \\$a(PL-WaBN)b60467058-48omnis_nlop
=035  \\$ab60467058
=035  \\$a(OCoLC)1051272852
=035  \\$axx004370467
=035  \\$a(UJ)vtls001656840
=040  \\$aWA N$cWA N
=046  \\$k2018
=080  \\$a821.162.1-91
=084  \\$a19
=100  1\$aChmielewski, Daniel$d(1983- )$eIlustracje$eTekst
=245  10$aJa, Nina Szubur /$cDaniel Chmielewski.
=250  \\$aWydanie pierwsze.
=260  \\$aWarszawa :$bWydawnictwo Komiksowe - Gildia Internet Services,$ccopyright 2018.
=300  \\$a[152] strony :$bilustracje ;$c22x31 cm.
=336  \\$aObraz$bsti$2rdacontent
=337  \\$aBez urządzenia pośredniczącego$bn$2rdamedia
=338  \\$aWolumin$bnc$2rdacarrier
=380  \\$aKomiksy i książki obrazkowe
=386  \\$mPrzynależność kulturowa$aLiteratura polska
=388  1\$a2001-
=490  1\$aNowy Komiks Polski
=500  \\$aNa stronie tytułowej i okładce: Na motywach powieści Olgi Tokarczuk "Anna In w grobowcach świata".
=600  17$aTokarczuk, Olga$d(1962- ).$tAnna In w grobowcach świata$2DBN
=650  \7$aMitologia sumeryjska$2DBN
=650  \7$aPoszukiwania zaginionych$2DBN
=650  \7$aPrzeludnienie$2DBN
=655  \7$aAdaptacja komiksowa$2DBN
=655  \7$aDystopia$2DBN
=700  1\$aTokarczuk, Olga$d(1962- )$eOryginał
=710  2\$aGildia Internet Services$eWydawca$4pbl
=830  \0$aNowy Komiks Polski
=852  \\$822454806820005066$j1$h2.995.473$bBN_PL$p30001026417316$cbk8
=852  \\$822454806790005066$j1$h3.092.621 A$bBN_PL$p30001026417309$cbk1
=852  \\$822497721080005067$j1$hA 908434 II$bBJ$p1002550084$cBJ_EGZ_A
=852  \\$822497721100005067$j1$hB 756834 II$bBJ$p1002550083$cBJ_MAG
=852  \\$822350749890006926$j1$h1362673$bTORU$p300050856608$cMG_bg
=909  \\$ab0000060467058
=910  \\$a2018 EO 1774/5 (2 egz.)$9LOCAL$z48OMNIS_UJA
=915  \\$aUWD 2018/26227
=916  \\$aChmielewski, Daniel   (1983- )
=918  1\$aTokarczuk, Olga$d(1962- )
=920  \\$a978-83-64638-44-2 :$czł 99
=921  2\$aGildia Internet Services
=923  \\$aGildia Internet Services
=931  \\$a821.162.1-91
=935  \\$a(KR_U)vtls001656840$9LOCAL$z48OMNIS_UJA
=935  \\$aUM2671086$9LOCAL$z48OMNIS_UMKWT
=946  \\$k2018
=955  \7$aAdaptacja komiksowa$2DBN
=955  \7$aDystopia$2DBN
=960  \\$a2.995.473$cbk8  $d30001026417316$e2.995.473$h2018 e$iZ99,00$j2018.09.17$k2$l-$o1$xNakł.:$9local$z48OMNIS_NLOP
=961  \\$aCALL NO: 2.995.473$h-- ACC NO: 2018 e$j2018.09.17$xNakł.:$9local$z48OMNIS_NLOP
=980  \\$aKomiksy i książki obrazkowe
=986  \\$aLiteratura polska
=996  \\$a.b60467058$9local$z48OMNIS_NLOP
=998  \\$ao$9local$z48OMNIS_NLOP
=999  \\$azkd$beojrb$x36$y18
=999  \\$aVIRTUA40$9LOCAL$z48OMNIS_UJA
=999  \\$aVTLSSORT0080*0200*0400*1000*2450*2500*2600*3000*3360*3361*3370*3380*4900*6550*7000*7100*8300*9070*9100*9200*9610*9660*9680*9700*9720*9740*9800*9992$9LOCAL$z48OMNIS_UJA
=999  \\$aVIRTUA40$9LOCAL$z48OMNIS_MPL
  
