=LDR  01743naa a2200529 i 4500
=001  b0000006050386
=005  20211030064117.6
=008  180904s2017    pl           |000 0 pol  
=009  9910462186805606
=035  \\$a991028986689705066
=035  \\$a(PL-WaBN)b60503865-48omnis_nlop
=035  \\$ab60503865
=040  \\$aWA N$cWA N
=041  0\$apol$beng
=046  \\$k2017
=080  \\$a80/81(045/046)
=100  1\$aPietrych, Krystyna$d(1960- )$eAutor
=245  10$aHistorie palimpsestowe Olgi Tokarczuk :$bliterackie zabawy (z) Eco? /$cKrystyna Pietrych ; Uniwersytet Łódzki.
=260  \\$c2017.
=336  \\$aTekst$btxt$2rdacontent
=337  \\$aBez urządzenia pośredniczącego$bn$2rdamedia
=338  \\$aWolumin$bnc$2rdacarrier
=380  \\$aPublikacje naukowe
=388  1\$a2001-
=504  \\$aBibliografia na stronie 171.
=546  \\$aStreszczenie w języku angielskim.
=600  17$aEco, Umberto$d(1932-2016)$2DBN
=650  \7$aIntertekstualność$2DBN
=650  \7$aNarracja$2DBN
=655  \7$aArtykuł problemowy$2DBN
=658  \\$aJęzykoznawstwo
=773  0\$iW:$tEcowskie inspiracje : semiotyka w komunikacji i kulturze.$gs. 153-171$w(PL)b0000005954780
=902  \\$a180904$c180904$dm$eb$f-$g0
=909  \\$ab0000060503865
=916  \\$aPietrych, Krystyna   (1960- )
=931  \\$a80/81(045/046)
=946  \\$k2017
=955  \7$aArtykuł problemowy$2DBN
=958  \\$aJęzykoznawstwo
=980  \\$aPublikacje naukowe
=996  \\$a.b60503865$9local$z48OMNIS_NLOP
=999  \\$azkd$bartzwkwp
  
