=LDR  02127naa a2200625 i 4500
=001  b0000006054180
=005  20221014143526.9
=008  180910s2018    pl            000 0 pol  
=009  9910109196705606
=015  \\$aPrasa 2018/09/10
=035  \\$a991029138329705066
=035  \\$a(PL-WaBN)b60541805-48omnis_nlop
=035  \\$ab60541805
=040  \\$aKR M$cKR M
=045  0\$bd2018
=046  \\$k2018
=100  1\$aSikora, Piotr$d(1971- )$eAutor
=245  10$aBłękitne laguny /$cPiotr Sikora.
=260  \\$c5 VIII 2018.
=336  \\$aTekst$btxt$2rdacontent
=337  \\$aBez urządzenia pośredniczącego$bn$2rdamedia
=338  \\$aWolumin$bnc$2rdacarrier
=380  \\$aArtykuły
=388  1\$a2001-
=600  17$aJagielski, Wojciech$d(1960- ).$tNa wschód od zachodu$2DBN
=648  \7$a2001-$2DBN
=650  \7$aAntropologia turystyki$2DBN
=650  \7$aLiteratura polska$2DBN
=655  \7$aArtykuł publicystyczny$2DBN
=655  \7$aArtykuł z czasopisma katolickiego$2DBN
=655  \7$aArtykuł z czasopisma kulturalnego$2DBN
=658  \\$aLiteraturoznawstwo
=773  0\$iW:$tTygodnik Powszechny : katolickie pismo społeczno-kulturalne.$x0041-4808.$g2018, nr 32, s. 65-67$w(PL)b0000001298071
=909  \\$ab0000060541805
=915  \\$aPrasa 2018/09/10
=916  \\$aSikora, Piotr   (1971- )
=945  0\$b2018
=946  \\$k2018
=955  \7$aArtykuł publicystyczny$2DBN
=955  \7$aArtykuł z czasopisma katolickiego$2DBN
=955  \7$aArtykuł z czasopisma kulturalnego$2DBN
=958  \\$aLiteraturoznawstwo
=980  \\$aArtykuły
=996  \\$a.b60541805
=999  \\$aKR M$bam
  
