=LDR  02300naa a2200673 i 4500
=001  b0000006057884
=005  20221015174923.6
=008  180914s2018    pl            000   pol  
=009  9910484666605606
=015  \\$aPrasa 2018/09/14
=035  \\$a991029287689705066
=035  \\$a(PL-WaBN)b60578841-48omnis_nlop
=035  \\$ab60578841
=040  \\$aWA N$cWA N
=045  1\$bd2006$bd2018
=046  \\$k2018
=100  1\$aTokarczuk, Olga$d(1962- )$eWywiad
=245  10$aJak zaśpiewać Tokarczuk :$brozmowa z Olgą Tokarczuk, pisarką /$cMichał Nogaś.
=246  3\$aRozmowa z Olgą Tokarczuk, pisarką
=260  \\$c14 IX 2018.
=336  \\$aTekst$btxt$2rdacontent
=337  \\$aBez urządzenia pośredniczącego$bn$2rdamedia
=338  \\$aWolumin$bnc$2rdacarrier
=380  \\$aArtykuły
=388  1\$a2001-
=520  8\$aLibretto do opery "Ahat ili. Siostra bogów" napisane na podstawie powieści "Anna In w grobowcach świata".
=600  17$aNowak, Aleksander$d(1979- ).$tAhat ili$2DBN
=611  27$aFestiwal Sacrum-Profanum$n(16 ;$d2018 ;$cKraków)$2DBN
=648  \7$a2001-$2DBN
=650  \7$aKonkursy i festiwale muzyczne$2DBN
=650  \7$aLibretto$2DBN
=650  \7$aLiteratura polska$2DBN
=650  \7$aOpera (utwór muzyczny)$2DBN
=651  \7$aKraków (woj. małopolskie)$2DBN
=655  \7$aArtykuł z gazety$2DBN
=658  \\$aHistoria
=658  \\$aKultura i sztuka
=700  1\$aNogaś, Michał$d(1978- )$eWywiad
=773  0\$iW:$tGazeta Wyborcza (Wyd. zasadnicze).$x0860-908X.$g2018, nr 214, s. 16$w(PL)b0000001301576
=909  \\$ab0000060578841
=915  \\$aPrasa 2018/09/14
=916  \\$aTokarczuk, Olga   (1962- )
=918  1\$aNogaś, Michał$d(1978- )
=945  1\$b2006$b2018
=946  \\$k2018
=951  \7$aKraków (woj. małopolskie)$2DBN
=955  \7$aArtykuł z gazety$2DBN
=958  \\$aHistoria
=958  \\$aKultura i sztuka
=980  \\$aArtykuły
=996  \\$a.b60578841$9local$z48OMNIS_NLOP
=999  \\$azkd$bbzczpjkr
  
