=LDR  01560naa a2200505 i 4500
=001  b0000006067888
=005  20221015174811.7
=008  180927s2018    pl       o    000 0 pol  
=009  9910307782505606
=015  \\$aPrasa 2018/09/27
=035  \\$a991029694269705066
=035  \\$a(PL-WaBN)b60678884-48omnis_nlop
=035  \\$ab60678884
=040  \\$aLUBL M$cLUBL M
=045  0\$bd2018
=046  \\$k2018
=100  1\$aSobolewska, Justyna$d(1972- )$eRecenzja
=245  10$aDziwna zmiana /$cJustyna Sobolewska.
=260  \\$c18-24 IV 2018.
=336  \\$aTekst$btxt$2rdacontent
=337  \\$aBez urządzenia pośredniczącego$bn$2rdamedia
=338  \\$aWolumin$bnc$2rdacarrier
=380  \\$aArtykuły
=388  1\$a2001-
=600  17$aTokarczuk, Olga$d(1962- ).$tOpowiadania bizarne$2DBN
=648  \7$a2001-$2DBN
=650  \7$aLiteratura polska$2DBN
=655  \7$aArtykuł z tygodnika opinii$2DBN
=658  \\$aLiteraturoznawstwo
=773  0\$iW:$tPolityka (Warszawa ; 1957).$x0032-3500.$g2018, nr 16, s. 78-79$w(PL)b0000001481990
=909  \\$ab0000060678884
=915  \\$aPrasa 2018/09/27
=916  \\$aSobolewska, Justyna   (1972- )
=945  0\$b2018
=946  \\$k2018
=955  \7$aArtykuł z tygodnika opinii$2DBN
=958  \\$aLiteraturoznawstwo
=980  \\$aArtykuły
=996  \\$a.b60678884
=999  \\$aLUBL M$bacz$cjkr
  
