=LDR  02407naa a2200673 i 4500
=001  b0000006073010
=005  20221015174909.2
=008  181004s2018    pl            000 0bpol  
=009  9910206094405606
=015  \\$aPrasa 2018/10/04
=035  \\$a991029902789705066
=035  \\$a(PL-WaBN)b60730109-48omnis_nlop
=035  \\$ab60730109
=040  \\$aKR M$cKR M
=045  0\$bd2018
=046  \\$k2018
=100  1\$aBłaszczak, Jan$d(1987- )$eAutor
=245  10$aCzekając na zmierzch bogów /$cJan Błaszczak.
=260  \\$c16 IX 2018.
=336  \\$aTekst$btxt$2rdacontent
=337  \\$aBez urządzenia pośredniczącego$bn$2rdamedia
=338  \\$aWolumin$bnc$2rdacarrier
=380  \\$aArtykuły
=388  1\$a2001-
=520  8\$aDotyczy libretta do opery "Ahat ili. Siostra bogów" napisane na podstawie powieści "Anna In w grobowcach świata".
=600  17$aNowak, Aleksander$d(1979- ).$tAhat ili$2DBN
=611  27$aFestiwal Sacrum-Profanum$n(16 ;$d2018 ;$cKraków)$2DBN
=648  \7$a2001-$2DBN
=650  \7$aLibretto$2DBN
=650  \7$aOpera (przedstawienie)$2DBN
=651  \7$aKraków (woj. małopolskie)$2DBN
=655  \7$aArtykuł publicystyczny$2DBN
=655  \7$aArtykuł z czasopisma katolickiego$2DBN
=655  \7$aArtykuł z czasopisma kulturalnego$2DBN
=658  \\$aHistoria
=773  0\$iW:$tTygodnik Powszechny : katolickie pismo społeczno-kulturalne.$x0041-4808.$g2018, nr 38, s. 68-70$w(PL)b0000001298071
=909  \\$ab0000060730109
=915  \\$aPrasa 2018/10/04
=916  \\$aBłaszczak, Jan   (1987- )
=945  0\$b2018
=946  \\$k2018
=951  \7$aKraków (woj. małopolskie)$2DBN
=955  \7$aArtykuł publicystyczny$2DBN
=955  \7$aArtykuł z czasopisma katolickiego$2DBN
=955  \7$aArtykuł z czasopisma kulturalnego$2DBN
=958  \\$aHistoria
=980  \\$aArtykuły
=996  \\$a.b60730109
=999  \\$aKR M$bżb$cjkr
  
