=LDR  02147naa a2200625 i 4500
=001  b0000006074776
=005  20221014143542.6
=008  181008s2018    pl       o   |000 0 pol  
=009  9910399061805606
=015  \\$aBZCz 2018/52478
=035  \\$a991029974859705066
=035  \\$a(PL-WaBN)b60747766-48omnis_nlop
=035  \\$ab60747766
=040  \\$aWA N$cWA N$dWA N
=045  0\$bd2018
=046  \\$k2018
=080  \\$a655(045/046)
=100  1\$aPalacz, Andrzej$d(1957- )$eAutor
=245  10$aSpróbujmy ocenić /$cAndrzej Palacz.
=260  \\$c2018.
=336  \\$aTekst$btxt$2rdacontent
=337  \\$aBez urządzenia pośredniczącego$bn$2rdamedia
=338  \\$aWolumin$bnc$2rdacarrier
=380  \\$aArtykuły
=388  1\$a2001-
=520  8\$aPrezentacja książek na konkurs Książka Edytorsko Doskonała "Edycja".
=600  17$aSkowrońska, Anna.$tAlfabet niepodległości$2DBN
=648  \7$a2001-$2DBN
=650  \7$aDrukarstwo$2DBN
=650  \7$aEdytorstwo$2DBN
=650  \7$aEstetyka$2DBN
=651  \7$aPolska$2DBN
=655  \7$aArtykuł problemowy$2DBN
=658  \\$aBibliotekarstwo, archiwistyka, muzealnictwo
=773  0\$iW:$tWydawca.$x1231-1049.$g2018, nr 6/9, s. 16/18$w(PL)b0000001610257
=909  \\$ab0000060747766
=915  \\$aBZCz 2018/52478
=916  \\$aPalacz, Andrzej   (1957- )
=931  \\$a655(045/046)
=945  0\$b2018
=946  \\$k2018
=950  \\$uhttps://eu05.alma.exlibrisgroup.com/view/uresolver/48OMNIS_NETWORK/openurl?u.ignore_date_coverage=true&portfolio_pid=53666422270005066&Force_direct=true$zZobacz w Polonie$853666422270005066
=951  \7$aPolska$2DBN
=955  \7$aArtykuł problemowy$2DBN
=958  \\$aBibliotekarstwo, archiwistyka, muzealnictwo
=980  \\$aArtykuły
=996  \\$a.b60747766$9local$z48OMNIS_NLOP
=999  \\$azkd$bbzczkcm$x10$y2018
  
