=LDR  02738naa a2200733 i 4500
=001  b0000006087248
=005  20211030064657.7
=008  181024s2018    pl           |000 0bpol  
=009  9910151257805606
=015  \\$aBZCz 2018/54106
=035  \\$a991030483559705066
=035  \\$a(PL-WaBN)b60872482-48omnis_nlop
=035  \\$ab60872482
=040  \\$aWA N$cWA N
=045  0\$bd1992
=046  \\$k2018
=080  \\$a821.162.1(091)(045/046)
=100  1\$aWiśniewski, Radosław$d(1974- )$eAutor
=245  10$aNotatki z undergruntu :$bopowieść o magicznych próbach Olgi Tokarczuk /$cRadosław Wiśniewski.
=246  30$aOpowieść o magicznych próbach Olgi Tokarczuk
=260  \\$c2018.
=336  \\$aTekst$btxt$2rdacontent
=337  \\$aBez urządzenia pośredniczącego$bn$2rdamedia
=338  \\$aWolumin$bnc$2rdacarrier
=380  \\$aArtykuły
=386  \\$mPrzynależność kulturowa$aLiteratura polska
=388  1\$a2001-
=600  17$aTokarczuk, Olga$d(1962- )$2DBN
=611  27$aNoworudzkie Spotkania z Poezją$n(2 ;$d1992)$2DBN
=648  \7$a1901-2000$2DBN
=650  \7$aPisarze polscy$2DBN
=651  \7$aNowa Ruda (woj. dolnośląskie)$2DBN
=655  \7$aArtykuł z czasopisma kulturalnego$2DBN
=655  \7$aArtykuł z czasopisma literackiego$2DBN
=655  \7$aArtykuł z czasopisma społeczno-politycznego$2DBN
=658  \\$aLiteraturoznawstwo
=773  0\$iW:$tOdra (Wrocław).$x0472-5182.$g2018, nr 9, s. 65-66$w(PL)b0000001479660
=902  \\$a181116$c181024$dm$eb$fb$g0
=909  \\$ab0000060872482
=915  \\$aBZCz 2018/54106
=916  \\$aWiśniewski, Radosław   (1974- )
=931  \\$a821.162.1(091)(045/046)
=945  0\$b1992
=946  \\$k2018
=950  \\$uhttps://eu.alma.exlibrisgroup.com/view/uresolver/48OMNIS_NETWORK/openurl?u.ignore_date_coverage=true&portfolio_pid=53669004630005066&Force_direct=true$zZobacz w Polonie$853669004630005066
=951  \7$aNowa Ruda (woj. dolnośląskie)$2DBN
=955  \7$aArtykuł z czasopisma kulturalnego$2DBN
=955  \7$aArtykuł z czasopisma literackiego$2DBN
=955  \7$aArtykuł z czasopisma społeczno-politycznego$2DBN
=958  \\$aLiteraturoznawstwo
=980  \\$aArtykuły
=986  \\$aLiteratura polska
=996  \\$a.b60872482$9local$z48OMNIS_NLOP
=999  \\$azkd$bbzczad$x10$y2018
  
