=LDR  02182naa a2200589 i 4500
=001  b0000006088246
=005  20221014143614.2
=008  181025s2018    pl       o   |000 0 pol  
=009  9910330645605606
=015  \\$aBZCz 2018/53984
=035  \\$a991030524059705066
=035  \\$a(PL-WaBN)b60882463-48omnis_nlop
=035  \\$ab60882463
=040  \\$aWA N$cWA N
=045  0\$bd2018
=046  \\$k2018
=080  \\$a821.162.1(091)(045/046)
=100  1\$aOrski, Mieczysław$d(1943- )$eRecenzja
=245  10$aW świecie świętych klonów i egonów /$cMieczysław Orski.
=260  \\$c2018.
=336  \\$aTekst$btxt$2rdacontent
=337  \\$aBez urządzenia pośredniczącego$bn$2rdamedia
=338  \\$aWolumin$bnc$2rdacarrier
=380  \\$aArtykuły
=388  1\$a2001-
=520  8\$aZawiera recenzję książki: Opowiadania bizarne / Olga Tokarczuk. - Kraków, 2018.
=600  17$aTokarczuk, Olga$d(1962- ).$tOpowiadania bizarne$2DBN
=648  \7$a2001-$2DBN
=650  \7$aLiteratura polska$2DBN
=655  \7$aArtykuł z czasopisma kulturalnego$2DBN
=655  \7$aArtykuł z czasopisma literackiego$2DBN
=655  \7$aArtykuł z czasopisma społeczno-politycznego$2DBN
=658  \\$aLiteraturoznawstwo
=773  0\$iW:$tOdra (Wrocław).$x0472-5182.$g2018, nr 9, s. 115-116$w(PL)b0000001479660
=909  \\$ab0000060882463
=915  \\$aBZCz 2018/53984
=916  \\$aOrski, Mieczysław   (1943- )
=931  \\$a821.162.1(091)(045/046)
=945  0\$b2018
=946  \\$k2018
=950  \\$uhttps://eu05.alma.exlibrisgroup.com/view/uresolver/48OMNIS_NETWORK/openurl?u.ignore_date_coverage=true&portfolio_pid=53666765750005066&Force_direct=true$zZobacz w Polonie$853666765750005066
=955  \7$aArtykuł z czasopisma kulturalnego$2DBN
=955  \7$aArtykuł z czasopisma literackiego$2DBN
=955  \7$aArtykuł z czasopisma społeczno-politycznego$2DBN
=958  \\$aLiteraturoznawstwo
=980  \\$aArtykuły
=996  \\$a.b60882463$9local$z48OMNIS_NLOP
=999  \\$azkd$bbzczad$x10$y2018
  
