=LDR  01980naa a2200613 i 4500
=001  b0000006092636
=005  20221015174952.3
=008  181030s2015    pl           |000 0 pol  
=009  9910432421605606
=035  \\$a991030701689705066
=035  \\$a(PL-WaBN)b60926363-48omnis_nlop
=035  \\$ab60926363
=035  \\$a(OCoLC)1242254199
=040  \\$aWA N$cWA N
=041  0\$apol$beng
=045  2\$bd1989$bd2014
=046  \\$k2015
=080  \\$a821.162.1(091)(045/046) 
=100  1\$aKantner, Katarzyna$d(1984- )$eAutor
=245  10$aO religijności z marginesu :$bdyskurs postsekularny w prozie Olgi Tokarczuk /$cKatarzyna Kantner ; Uniwersytet Jagielloński.
=260  \\$c2015.
=336  \\$aTekst$btxt$2rdacontent
=337  \\$aBez urządzenia pośredniczącego$bn$2rdamedia
=338  \\$aWolumin$bnc$2rdacarrier
=380  \\$aArtykuły
=388  1\$a2001-
=546  \\$aStreszczenie w języku angielskim.
=600  17$aTokarczuk, Olga$d(1962- )$2DBN
=648  \7$a1901-2000$2DBN
=648  \7$a1989-2000$2DBN
=650  \7$aLiteratura polska$2DBN
=650  \7$aProza$2DBN
=655  \7$aArtykuł problemowy$2DBN
=655  \7$aArtykuł z pracy zbiorowej$2DBN
=658  \\$aLiteraturoznawstwo
=773  0\$iW:$tŚlady, zerwania, powroty... : metafizyka i religia w literaturze współczesnej.$gs. 391-404$w(PL)b0000005118409
=909  \\$ab0000060926363
=916  \\$aKantner, Katarzyna   (1984- )
=931  \\$a821.162.1(091)(045/046) 
=945  2\$b1989$b2014
=946  \\$k2015
=955  \7$aArtykuł problemowy$2DBN
=955  \7$aArtykuł z pracy zbiorowej$2DBN
=958  \\$aLiteraturoznawstwo
=980  \\$aArtykuły
=996  \\$a.b60926363$9local$z48OMNIS_NLOP
=999  \\$azkd$bartzwrs$bmib
  
