=LDR  02697naa a2200757 i 4500
=001  b0000006095757
=005  20221015175118.8
=008  181106s2017    pl           |000 0 pol  
=009  9910212191605606
=015  \\$aBZCz 2018/53773
=035  \\$a991030829469705066
=035  \\$a(PL-WaBN)b60957578-48omnis_nlop
=035  \\$ab60957578
=035  \\$a(OCoLC)1241651435
=040  \\$aWA N$cWA N
=041  0\$apol$beng
=045  2\$bd1945$bd2017
=046  \\$k2017
=080  \\$a821.162.1(091)(045/046)
=100  1\$aByrska, Aleksandra$eAutor
=245  10$aJęzyk kobiecy jako złudzenie? :$bpytania o istnienie narracji uwarunkowanej przez płeć /$cAleksandra Byrska ; Uniwersytet Jagielloński.
=246  30$aPytania o istnienie narracji uwarunkowanej przez płeć
=260  \\$c2017.
=336  \\$aTekst$btxt$2rdacontent
=337  \\$aBez urządzenia pośredniczącego$bn$2rdamedia
=338  \\$aWolumin$bnc$2rdacarrier
=380  \\$aArtykuły
=388  1\$a2001-
=504  \\$aBibliografia, netografia na stronach 39-40.
=546  \\$aStreszczenie w języku angielskim.
=600  17$aChutnik, Sylwia$d(1979- )$2DBN
=600  17$aNałkowska, Zofia$d(1884-1954)$2DBN
=600  17$aTokarczuk, Olga$d(1962- )$2DBN
=648  \7$a1901-2000$2DBN
=648  \7$a1945-1989$2DBN
=648  \7$a1989-2000$2DBN
=650  \7$aHerstory$2DBN
=650  \7$aKrytyka feministyczna$2DBN
=650  \7$aLiteratura polska$2DBN
=650  \7$aNarracja$2DBN
=650  \7$aPowieść$2DBN
=655  \7$aArtykuł problemowy$2DBN
=655  \7$aArtykuł z czasopisma literackiego$2DBN
=658  \\$aLiteraturoznawstwo
=773  0\$iW:$tWielogłos : pismo Wydziału Polonistyki UJ.$x1897-1962.$g2017, nr 2, s. 29-40$w(PL)b0000001895488
=909  \\$ab0000060957578
=915  \\$aBZCz 2018/53773
=916  \\$aByrska, Aleksandra   
=931  \\$a821.162.1(091)(045/046)
=945  2\$b1945$b2017
=946  \\$k2017
=950  \\$uhttps://eu05.alma.exlibrisgroup.com/view/uresolver/48OMNIS_NETWORK/openurl?u.ignore_date_coverage=true&portfolio_pid=53670472430005066&Force_direct=true$zZobacz w Polonie$853670472430005066
=955  \7$aArtykuł problemowy$2DBN
=955  \7$aArtykuł z czasopisma literackiego$2DBN
=958  \\$aLiteraturoznawstwo
=980  \\$aArtykuły
=996  \\$a.b60957578$9local$z48OMNIS_NLOP
=999  \\$azkd$bbzczad$x10$y2018
  
