=LDR  01941naa a2200589 i 4500
=001  b0000006115713
=005  20221014143542.6
=008  181205s2016    pl           |000 0 pol  
=009  9910518024405606
=035  \\$a991052487604805066
=035  \\$a(OCoLC)1242156529
=040  \\$aWA N$cWA N
=045  2\$bd1989$bd2016
=046  \\$k2016
=080  \\$a821.162.1(091)(045/046)
=100  1\$aCzapiewska, Katarzyna$eAutor
=245  10$aPoszukiwanie słowiańskiej tożsamości w chaosie ponowoczesności :$bna tropie "polskiej duszy" w wybranych przykładach twórczości Olgi Tokarczuk /$cKatarzyna Czapiewska ; Akademia Pomorska w Słupsku.
=260  \\$c2016.
=336  \\$aTekst$btxt$2rdacontent
=337  \\$aBez urządzenia pośredniczącego$bn$2rdamedia
=338  \\$aWolumin$bnc$2rdacarrier
=380  \\$aArtykuły
=388  1\$a2001-
=600  17$aTokarczuk, Olga$d(1962- )$2DBN
=648  \7$a1901-2000$2DBN
=648  \7$a1989-2000$2DBN
=650  \7$aLiteratura polska$2DBN
=650  \7$aSłowianie$2DBN
=650  \7$aTożsamość narodowa$2DBN
=650  \7$aTematy i motywy$2DBN
=651  \7$aPolska$2DBN
=655  \7$aArtykuł problemowy$2DBN
=658  \\$aLiteraturoznawstwo
=773  0\$iW:$tKulturowe projekcje Słowian w tradycji polskiej.$gs. 177-189$w(PL)b0000005398341
=909  \\$ab0000061157132
=916  \\$aCzapiewska, Katarzyna   
=931  \\$a821.162.1(091)(045/046)
=945  2\$b1989$b2016
=946  \\$k2016
=951  \7$aPolska$2DBN
=955  \7$aArtykuł problemowy$2DBN
=958  \\$aLiteraturoznawstwo
=980  \\$aArtykuły
=996  \\$a.b61157132$9local$z48OMNIS_NLOP
=999  \\$azkd$bartzwrs$bals
  
