=LDR  01877naa a2200553 i 4500
=001  b0000006119182
=005  20211030064617.5
=008  181210s2015    pl           |000 0 bulo 
=009  9910019015005606
=035  \\$a991052487842205066
=040  \\$aWA N$cWA N
=041  0\$abul$beng
=046  \\$k2015 
=080  \\$a80/81(045/046)
=100  1\$aSimeonova-Konah, Galâ$d(1956- )$eAutor
=245  10$aKulturna kartografiâ :$bCentralna Evropa - Ûgoiztočna Evropa : povestvovanie i geografsko-literaturen region : Teodora Dimova, Žuža Rakovski, Olga Tokarčuk /$cGalâ Simeonova-Konah.
=260  \\$c2015.
=336  \\$aTekst$btxt$2rdacontent
=337  \\$aBez urządzenia pośredniczącego$bn$2rdamedia
=338  \\$aWolumin$bnc$2rdacarrier
=380  \\$aArtykuły
=388  1\$a2001-
=504  \\$aBibliografia na stronach 84-85.
=546  \\$aStreszczenie w języku angielskim.
=600  17$aDimova, Teodora$d(1960- )$2DBN
=600  17$aRakovszky, Zsuzsa$d(1950- )$2DBN
=650  \7$aJęzyki słowiańskie$2DBN
=651  \7$aEuropa$2DBN
=655  \7$aArtykuł problemowy$2DBN
=658  \\$aJęzykoznawstwo
=773  0\$iW:$tBułgaria tradycyjna i nowoczesna.$gs. 75-85$w(PL)b0000005290242
=902  \\$a181211$c181210$dm$eb$f-$g0
=909  \\$ab0000061191826
=916  \\$aSimeonova-Konah, Galâ   (1956- )
=931  \\$a80/81(045/046)
=946  \\$k2015 
=951  \7$aEuropa$2DBN
=955  \7$aArtykuł problemowy$2DBN
=958  \\$aJęzykoznawstwo
=980  \\$aArtykuły
=996  \\$a.b61191826$9local$z48OMNIS_NLOP
=999  \\$azkd$bartzwkwp$bat
  
