=LDR  01907naa a2200517 i 4500
=001  b0000006124206
=005  20221015174952.3
=008  181217s2018    pl       o   |000 0 pol  
=009  9910244288205606
=015  \\$aBZCz 2018/60676
=035  \\$a991052495004805066
=040  \\$aWA N$cWA N
=045  0\$bd2018
=046  \\$k2018
=080  \\$a821.162.1(091)(045/046)
=100  1\$aSzkaradnik, Katarzyna$d(1987- )$eRecenzja
=245  10$aTam, gdzie świat się rozłazi /$cKatarzyna Szkaradnik.
=260  \\$c2018.
=336  \\$aTekst$btxt$2rdacontent
=337  \\$aBez urządzenia pośredniczącego$bn$2rdamedia
=338  \\$aWolumin$bnc$2rdacarrier
=380  \\$aArtykuły
=388  1\$a2001-
=520  8\$aZawiera recenzję książki: Opowiadania bizarne / Olga Tokarczuk. - Kraków, 2018.
=600  17$aTokarczuk, Olga$d(1962- ).$tOpowiadania bizarne$2DBN
=648  \7$a2001-$2DBN
=650  \7$aLiteratura polska$2DBN
=655  \7$aArtykuł z czasopisma literackiego$2DBN
=658  \\$aLiteraturoznawstwo
=773  0\$iW:$tTwórczość : miesięcznik literacko-krytyczny.$x0041-4727.$gR. 74, nr 10 (2018), s. 101-105$w(PL)b0000001302625
=909  \\$ab0000061242068
=915  \\$aBZCz 2018/60676
=916  \\$aSzkaradnik, Katarzyna   (1987- )
=931  \\$a821.162.1(091)(045/046)
=945  0\$b2018
=946  \\$k2018
=950  \\$uhttps://eu05.alma.exlibrisgroup.com/view/uresolver/48OMNIS_NETWORK/openurl?u.ignore_date_coverage=true&portfolio_pid=53670702460005066&Force_direct=true$zZobacz w Polonie$853670702460005066
=955  \7$aArtykuł z czasopisma literackiego$2DBN
=958  \\$aLiteraturoznawstwo
=980  \\$aArtykuły
=996  \\$a.b61242068$9local$z48OMNIS_NLOP
=999  \\$azkd$bbzczad$x11/12$y2018
  
