=LDR  01909naa a2200565 i 4500
=001  b0000006125648
=005  20221015174855.0
=008  181218s2017    pl           |000 0 pol  
=009  9910435856205606
=035  \\$a991052495215605066
=040  \\$aWA N$cWA N
=041  0\$apol$beng
=045  0\$bd2014
=046  \\$k2017
=080  \\$a821.162.1(091)(045/046)
=100  1\$aZubik, Damian$eAutor
=245  10$aPaństwo ponad podziałami? :$bobcość w "Księgach Jakubowych" Olgi Tokarczuk /$cDamian Zubik ; Uniwersytet Marii Curie-Skłodowskiej w Lublinie.
=260  \\$c2017.
=336  \\$aTekst$btxt$2rdacontent
=337  \\$aBez urządzenia pośredniczącego$bn$2rdamedia
=338  \\$aWolumin$bnc$2rdacarrier
=380  \\$aArtykuły
=388  1\$a2001-
=504  \\$aBibliografia na stronie 180.
=546  \\$aStreszczenie w języku angielskim.
=600  17$aTokarczuk, Olga$d(1962- ).$tKsięgi Jakubowe albo Wielka podróż przez siedem granic, pięć języków i trzy duże religie, nie licząc tych małych$2DBN
=648  \7$a2001-$2DBN
=650  \7$aInność$2DBN
=650  \7$aLiteratura polska$2DBN
=650  \7$aPowieść historyczna$2DBN
=650  \7$aTematy i motywy$2DBN
=655  \7$aArtykuł problemowy$2DBN
=658  \\$aLiteraturoznawstwo
=773  0\$iW:$tSubiektywizm w języku.$gs. 171-181$w(PL)b0000005890204
=909  \\$ab0000061256481
=916  \\$aZubik, Damian   
=931  \\$a821.162.1(091)(045/046)
=945  0\$b2014
=946  \\$k2017
=955  \7$aArtykuł problemowy$2DBN
=958  \\$aLiteraturoznawstwo
=980  \\$aArtykuły
=996  \\$a.b61256481$9local$z48OMNIS_NLOP
=999  \\$azkd$bartzwat
  
