=LDR  02278naa a2200613 i 4500
=001  b0000006127836
=005  20221014143459.1
=008  181222s2018    pl            000 0 pol  
=009  9910028269705606
=015  \\$aPrasa 2018/12/22
=035  \\$a991052495407905066
=040  \\$aKR M$cKR M$dWA N
=045  0\$bd2018
=046  \\$k2018
=100  1\$aMartić, Mladen$d(1949- )$eWywiad
=245  10$aKsięgi ponadnarodowe /$cMladen Martić ; rozmawiała w Zagrzebiu Aleksandra Wojtaszek.
=260  \\$c25 XI 2018.
=336  \\$aTekst$btxt$2rdacontent
=337  \\$aBez urządzenia pośredniczącego$bn$2rdamedia
=338  \\$aWolumin$bnc$2rdacarrier
=380  \\$aArtykuły
=388  1\$a2001-
=520  8\$aRozmowa z tłumaczem na język chorwacki "Ksiąg Jakubowych" Olgii Tokarczuk
=600  17$aMartić, Mladen$d(1949- )$2DBN
=648  \7$a2001-$2DBN
=650  \7$aLiteratura polska$2DBN
=650  \7$aJęzyk chorwacki$2DBN
=655  \7$aPowieść polska$2DBN
=655  \7$aArtykuł z czasopisma katolickiego$2DBN
=655  \7$aArtykuł z czasopisma kulturalnego$2DBN
=655  \7$aArtykuł z czasopisma społeczno-politycznego$2DBN
=658  \\$aLiteraturoznawstwo
=700  1\$aWojtaszek, Aleksandra$c(bałkanistka)$eWywiad
=773  0\$iW:$tTygodnik Powszechny : katolickie pismo społeczno-kulturalne.$x0041-4808.$g2018, nr 48, s. 62-63$w(PL)b0000001298071
=909  \\$ab0000061278361
=915  \\$aPrasa 2018/12/22
=916  \\$aMartić, Mladen   (1949- )
=918  1\$aWojtaszek, Aleksandra$c(bałkanistka)
=945  0\$b2018
=946  \\$k2018
=955  \7$aPowieść polska$2DBN
=955  \7$aArtykuł z czasopisma katolickiego$2DBN
=955  \7$aArtykuł z czasopisma kulturalnego$2DBN
=955  \7$aArtykuł z czasopisma społeczno-politycznego$2DBN
=958  \\$aLiteraturoznawstwo
=980  \\$aArtykuły
=996  \\$a.b61278361
=999  \\$aKR M$bjn
  
