=LDR  01697cam a2200469 i 4500
=001  b0000010090333
=005  20211030064250.1
=008  010424s2000    ne           |000 f dut c
=009  9910822670105606
=015  \\$aPZ 2000/1986
=020  \\$a9052268894
=035  \\$a246398-48omnis_uja
=035  \\$a(UJ)vtls000246398
=035  \\$axx001783737
=040  \\$aNUKAT$cKR U/mal$dKR U/DPs$dWA N
=041  1\$adut$hpol
=080  \\$a821.162.1-1/-9(0.054)
=084  \\$a04
=100  1\$aTokarczuk, Olga$d(1962- )
=240  10$aDom dzienny, dom nocny$l(niderl.)
=245  10$aHuis voor de dag, huis voor de nacht /$cOlga Tokarczuk ; uit het Pools veraald door Karol Lesman.
=246  1\$iTyt. oryg.:$aDom dzienny, dom nocny
=260  \\$aBreda :$bUitgeverij de Geus,$ccop. 2000.
=300  \\$a347, [2] s. ;$c21 cm.
=600  1\$aTokarczuk, Olga$d(1962- )$vtłumaczenia niderlandzkie.
=700  1\$aLesman, Karol$d(1951- )$eTł.
=852  \\$822466154600005067$j1$hB 236118 II$bBJ$p1000439269$cBJ_MAG
=910  \\$a2001 D 30/26 (1 egz.) ; 2018 D 40/18 (1 egz.)$9LOCAL$z48OMNIS_UJA
=915  \\$aPZ 2000/1986
=916  \\$aTokarczuk, Olga   (1962- )
=918  1\$aLesman, Karol$d(1951- )
=920  \\$a90-5226-889-4$9LOCAL$z48OMNIS_UJA
=931  \\$a821.162.1-1/-9(0.054)
=935  \\$a(KR_U)vtls000246398$9LOCAL$z48OMNIS_UJA
=977  \\$aKRU-K01'4maloo KRU-R01'06DP KRU-K18'03ABk1$9LOCAL$z48OMNIS_UJA
=999  \\$apz$bts$bdb
=999  \\$aBNzkd$bmav
  
