=LDR  03496cam a2200925 i 4500
=001  b0000010586719
=005  20230204150656.8
=008  150115s2014    pl           |001 0 pol c
=009  9910835420605606
=015  \\$aUWD 2022/42341
=020  \\$a9788361757498$q("Pro Cultura Litteraria")
=035  \\$a1261027-48omnis_uja
=035  \\$a(UJ)vtls001261027
=035  \\$axx003341067
=040  \\$aWR U/as$cWR U/as$dWR U/ms$dWR U/ass$dKR U$dWA N
=041  0\$apol$beng
=045  2\$bd1989$bd2014
=046  \\$k2014
=080  \\$81.1\x$a821.162.1(091)"19"
=084  \\$a01
=100  1\$aŚwierkosz, Monika$d(1981- ).$eAutor
=245  10$aW przestrzeniach tradycji :$bproza Izabeli Filipiak i Olgi Tokarczuk w sporach o literaturę, kanon i feminizm /$cMonika Świerkosz.
=246  30$aProza Izabeli Filipiak i Olgi Tokarczuk w sporach o literaturę, kanon i feminizm
=260  \\$aWarszawa :$bInstytut Badań Literackich PAN. Wydawnictwo :$bStowarzyszenie Pro Cultura Litteraria,$c2014.
=300  \\$a388 stron ;$c23 cm.
=336  \\$aTekst$btxt$2rdacontent
=337  \\$aBez urządzenia pośredniczącego$bn$2rdamedia
=338  \\$aWolumin$bnc$2rdacarrier
=380  \\$aKsiążki
=388  1\$a2001-
=490  1\$aLupa Obscura
=500  \\$aNa podstawie rozprawy doktorskiej.
=504  \\$aBibliografia na stronach 364-380. Indeks.
=536  \\$aWspółfinansowanie: Ministerstwo Nauki i Szkolnictwa Wyższego
=546  \\$aStreszczenie w języku angielskim.
=600  17$aMorska, Izabela$d(1961- )$2DBN
=648  \7$a1901-2000$2DBN
=648  \7$a1989-2000$2DBN
=650  \7$aAnaliza i interpretacja$2DBN
=650  \7$aFeminizm$2DBN
=650  \7$aKanon literatury$2DBN
=650  \7$aLiteratura polska$2DBN
=650  \7$aTematy i motywy$2DBN
=655  \7$aMonografia$2DBN
=658  \\$aLiteraturoznawstwo
=710  2\$aWydawnictwo IBL.$eWydawca$4pbl
=830  \0$aLupa Obscura
=852  \\$822716488310005066$j1$h3.227.992 A$bBN_PL$p30001029075773$cbk1
=852  \\$822185839320006831$j1$h12862 B$bGG06$p1000973990$cFiPol_LitP
=852  \\$822485769260005067$j1$hWypoż. 13788 A$bBWP$p1807048975$cBWP_WYPS
=852  \\$822485769230005067$j1$hGT 1525$bBWP$p1807053128$cBWP_K
=852  \\$822485769260005067$j1$hWypoż. 13788 A$bBWP$p1807047221$cBWP_WYPS
=915  \\$aUWD 2022/42341
=916  \\$aŚwierkosz, Monika   (1981- ).
=920  \\$a978-83-61757-49-8  ("Pro Cultura Litteraria")
=921  2\$aWydawnictwo IBL.
=923  \\$aWydawnictwo IBL.
=931  \\$a821.162.1(091)"19"
=935  \\$avtls000673367$9LOCAL$z48OMNIS_KUL
=945  2\$b1989$b2014
=946  \\$k2014
=955  \7$aMonografia$2DBN
=958  \\$aLiteraturoznawstwo
=980  \\$aKsiążki
=999  \\$aBNzkdkwd4922$bmn$xuwd50a$y22
  
