=LDR  02614cam a2200577 ic4500
=001  b0000010759250
=005  20221006120715.7
=008  180322s2016    pl a         |000 0 pol c
=009  9910831778305606
=020  \\$a9788364707094
=035  \\$a1625707-48omnis_uja
=035  \\$a(UJ)vtls001625707
=035  \\$axx004278235
=040  \\$aPOZN U/LNAK$bpol$erda$cPOZN U/MW$dPOZN U/MW$dPOZN U/JŁs$dLUBL KUL
=245  00$aRozmowy na/o granicy.$n2,$pZ Joanną Bator, Olgą Tokarczuk, Grażyną Plebanek, Krzysztofem Niewrzędą /$crozmawiają Małgorzata Zduniak-Wiktorowicz i Ksymena Filipowicz-Tokarska.
=260  \\$aSłubice :$bCollegium Polonicum :$bPolsko-Niemiecki Instytut Badawczy,$c2016.
=300  \\$a49 stron :$bilustracje kolorowe ;$c18x25 cm.
=336  \\$aTekst$btxt$2rdacontent
=337  \\$aBez urządzenia pośredniczącego$bn$2rdamedia
=338  \\$aWolumin$bnc$2rdacarrier
=500  \\$aDruk dwuszpaltowy.
=600  1\$aTokarczuk, Olga$d(1962- )$vrozmowy.
=600  1\$aNiewrzęda, Krzysztof$d(1964- )$vrozmowy.
=600  1\$aBator, Joanna$d(1968- )$vrozmowy.
=650  \\$aGranice$xw literaturze.
=700  1\$aNiewrzęda, Krzysztof$d(1964- )$eOsoba udzielająca wywiadu
=700  1\$aFilipowicz-Tokarska, Ksymena$d(1976- )$eOsoba przeprowadzająca wywiad
=700  1\$aPlebanek, Grażyna$d(1967- )$eOsoba udzielająca wywiadu
=700  1\$aZduniak-Wiktorowicz, Małgorzata$eOsoba przeprowadzająca wywiad
=700  1\$aTokarczuk, Olga$d(1962- )$eOsoba udzielająca wywiadu
=710  2\$aCollegium Polonicum (Słubice)$eWydawca$4pbl
=852  \\$822373629990006831$j1$h8255 A$bGG06$p1001234182$cFiPol_FPol
=852  \\$822526143550005067$j1$hA 897446 I$bBJ$p1002495288$cBJ_EGZ_A
=910  \\$a2018 EO 761/10 (tylko A)$9LOCAL$z48OMNIS_UJA
=918  1\$aNiewrzęda, Krzysztof$d(1964- )
=918  1\$aFilipowicz-Tokarska, Ksymena$d(1976- )
=918  1\$aPlebanek, Grażyna$d(1967- )
=918  1\$aZduniak-Wiktorowicz, Małgorzata
=918  1\$aTokarczuk, Olga$d(1962- )
=920  \\$a978-83-64707-09-4$9LOCAL$z48OMNIS_UJA
=921  2\$aCollegium Polonicum (Słubice)
=923  \\$aCollegium Polonicum (Słubice)
=935  \\$a(KR_U)vtls001625707$9LOCAL$z48OMNIS_UJA
=999  \\$aVIRTUA$9LOCAL$z48OMNIS_UJA
  
