=LDR  02123ngm a2200529 i 4500
=001  b0000030010365
=005  20221113133727.6
=007  vd+cvai!s
=008  061204s2004++++pl+072+!+++++!!+++mlpol!!
=009  9910833707605606
=035  \\$a(MARC 21)(PL)b0000030010365-48omnis_rpl
=035  \\$awbpkbg014588
=040  \\$aKIEL W$cKIEL W
=041  0\$apol
=080  \\$a791.43(438)
=245  00$aŻurek$h[Film] /$cscen., reż. Ryszard Brylski ; zdj. Arek Tomiak ; muz. Michał Lorenc ; wyk. Katarzyna Figura, Zbigniew Zamachowski, Natalia Rybicka, Marek Kasprzyk [i in.].
=260  \\$aWarszawa :$bBest Film,$c2004$e(Polska :$fTelewizja Polska,$g2003).
=300  \\$a1 płyta DVD (72 min.) :$bdźw., kolor.
=490  1\$aKlub Koneserów
=500  \\$aNa motywach opowiadania Olgi Tokarczuk.
=600  17$aTokarczuk, Olga$d(1962- ).$tŻurek$vadaptacje filmowe$2DBN
=650  \7$aFilm fabularny$2DBN
=650  \7$aFilm polski$2DBN
=700  1\$aBrylski, Ryszard$d(1950- )$eReż.
=700  1\$aTomiak, Arkadiusz$d(1969- )$eZdj.
=700  1\$aLorenc, Michał$d(1955- )$eMuz.
=700  1\$aFigura, Katarzyna$d(1962- )$eAktor.
=700  1\$aZamachowski, Zbigniew$d(1961 - )$eAktor.
=700  1\$aRybicka, Natalia$d(1986- )$eAktor.
=830  \0$aKlub Koneserów
=852  \\$82275101040005068$j1$hF/dra$bWBP-KIELCE$p181828$cMEDIA
=918  1\$aBrylski, Ryszard$d(1950- )
=918  1\$aTomiak, Arkadiusz$d(1969- )
=918  1\$aLorenc, Michał$d(1955- )
=918  1\$aFigura, Katarzyna$d(1962- )
=918  1\$aZamachowski, Zbigniew$d(1961- ).
=918  1\$aRybicka, Natalia$d(1986- )
=931  \\$a791.43(438)
=935  \\$a(KIEL_W)wbpkbg014588$9LOCAL$z48OMNIS_RPL
=960  \\$f181828$nF/787$sF/dra$uMediateka$o11$9LOCAL$z48OMNIS_RPL
=992  \\$a(PL)b0000002549003$b95
=999  \\$abg$9LOCAL$z48OMNIS_RPL
  
