=LDR  06726ngm a22016691i 4500
=001  b0000030138765
=005  20230106141709.8
=007  vd+cv!!!!
=008  170921s2017++++pl+123+!+++++!!+++mlpol!!
=009  9910903460505606
=020  \\$a9788326825545
=035  \\$a(MARC 21)(PL)b0000030138765-48omnis_rpl
=035  \\$awbpkbg226315
=040  \\$aMBPWR$dKIEL W
=041  1\$apol$jeng
=046  \\$k2017
=080  \\$a791.22(437.3)
=080  \\$a791.22(437.6)
=080  \\$a791.22(430)
=080  \\$a791.22(438)
=080  \\$a791.22(485)
=080  \\$a791.221.5(437.3)
=080  \\$a791.221.5(437.6)
=080  \\$a791.221.5(430)
=080  \\$a791.221.5(438)
=080  \\$a791.221.5(485)
=245  00$aPokot$h[Film] /$cZDF/Arte, HBO Europe, ̌xCeska televize, Agora, Narodowy Instytut Audiowizualny, Odra-Film, Medienboard Berlin-Brandenburg, Filmväst ; reżyseria Agnieszka Holland, Kasia Adamik ; scenariusz Olga Tokarczuk, Agnieszka Holland ; produkcja Krzysztof Zanussi, Janusz Wąchała.
=260  \\$aWarszawa :$bAgora,$c[2017].
=300  \\$a1 dysk optyczny (123 min) :$bdźwiękowy, kolorowy ;$c12 cm +$eksiążka : [20] stron : ilustracje ; 20 cm.
=336  \\$aObraz ruchomy 2D$btdi$2rdacontent
=337  \\$aWideo$bv$2rdamedia
=338  \\$aPłyta wideo$bvd$2rdacarrier
=380  \\$aFilmy i seriale
=386  \\$mPrzynależność kulturowa$aFilm czeski
=386  \\$mPrzynależność kulturowa$aFilm niemiecki
=386  \\$mPrzynależność kulturowa$aFilm polski
=386  \\$mPrzynależność kulturowa$aFilm słowacki
=388  1\$a2001-
=500  \\$aOryginalny film wyprodukowano w 2017 r.
=500  \\$aDodatek drukowany stanowi opakowanie i zawiera komentarz w języku polskim.
=508  \\$aMuzyka Antoni Łazarkiewicz ; zdjęcia Jolanta Dylewska, Rafał Paradowski.
=511  1\$aAgnieszka Mandat, Wiktor Zborowski, Jakub Gierszał, Borys Szyc, Mirosław Krobot, Patricia Wolny, Tomasz Kot, Andrzej Grabowski, Katarzyna Herman, Marcin Bosak, Andrzej Konopka.
=538  \\$aDVD-Video; dźwięk Dolby Digital 5.1, obraz 16:9.
=546  \\$aOryginalna ścieżka dźwiękowa w języku polskim, napisy angielskie, audiodeskrypcja w języku polskim.
=586  8\$aSrebrny Niedźwiedź 2017 Nagroda im. Alfred Bauera Agnieszka Holland
=600  17$aTokarczuk, Olga$d(1962- ).$tProwadź swój pług przez kości umarłych$2DBN
=650  \7$aKłusownictwo$2DBN
=651  \7$aKotlina Kłodzka$2DBN
=655  \7$aAdaptacja filmowa$2DBN
=655  \7$aDokumenty audiowizualne$2DBN
=655  \7$aDramat filmowy$2DBN
=700  1\$aHolland, Agnieszka$d(1948- )$eReżyseria
=700  1\$aAdamik, Kasia$d(1972- )$eReżyseria
=700  1\$aTokarczuk, Olga$d(1962- )$eScenariusz
=700  1\$aMandat, Agnieszka$d(1953- )$eWykonanie
=700  1\$aZborowski, Wiktor$d(1951- )$eWykonanie
=700  1\$aGierszał, Jakub$d(1988- )$eWykonanie
=700  1\$aSzyc, Borys$d(1978- )$eWykonanie
=700  1\$aKrobot, Mirosław.$eWykonanie
=700  1\$aWolny, Patricia.$eWykonanie
=700  1\$aKot, Tomasz$d(1977- )$eWykonanie
=700  1\$aGrabowski, Andrzej$d(1952- )$eWykonanie
=700  1\$aHerman, Katarzyna$d(1971- )$eWykonanie
=700  1\$aBosak, Marcin$d(1979- )$eWykonanie
=710  2\$aZDF/Arte$eProdukcja
=710  2\$aHBO$eProdukcja
=710  2\$ǎxCeská televize.$eProdukcja
=710  2\$aNarodowy Instytut Audiowizualny$eProdukcja
=710  2\$aInstytucja Filmowa Dystrybucji Filmów "Pdra-Film".$eWydawca
=710  2\$aMedienboard Berlin-Brandenburg.$eProdukcja
=710  2\$aFilmVäst.$eProdukcja
=852  \\$82283532200005068$j1$hF/dra$bWBP-KIELCE$p423667$cMEDIA
=852  \\$82283532200005068$j1$hF/dra$bWBP-KIELCE$p422780$cMEDIA
=852  \\$82236885450007771$j1$bCHE_1_BG$pA002949$cW_ZA
=918  1\$aHolland, Agnieszka$d(1948- )
=918  1\$aAdamik, Kasia$d(1972- )
=918  1\$aTokarczuk, Olga$d(1962- )
=918  1\$aMandat, Agnieszka$d(1953- )
=918  1\$aZborowski, Wiktor$d(1951- )
=918  1\$aGierszał, Jakub$d(1988- )
=918  1\$aSzyc, Borys$d(1978- )
=918  1\$aKrobot, Mirosław.
=918  1\$aWolny, Patricia.
=918  1\$aKot, Tomasz$d(1977- )
=918  1\$aGrabowski, Andrzej$d(1952- )
=918  1\$aHerman, Katarzyna$d(1971- )
=918  1\$aBosak, Marcin$d(1979- )
=920  \\$a978-83-26825-54-5
=921  2\$aZDF/Arte
=921  2\$aHBO
=921  2\$ǎxCeská televize.
=921  2\$aNarodowy Instytut Audiowizualny
=921  2\$aInstytucja Filmowa Dystrybucji Filmów "Pdra-Film".
=921  2\$aMedienboard Berlin-Brandenburg.
=921  2\$aFilmVäst.
=923  \\$aInstytucja Filmowa Dystrybucji Filmów "Pdra-Film".
=931  \\$a791.22(437.3)
=931  \\$a791.22(437.6)
=931  \\$a791.22(430)
=931  \\$a791.22(438)
=931  \\$a791.22(485)
=931  \\$a791.221.5(437.3)
=931  \\$a791.221.5(437.6)
=931  \\$a791.221.5(430)
=931  \\$a791.221.5(438)
=931  \\$a791.221.5(485)
=935  \\$a(KIEL_W)wbpkbg226315$9LOCAL$z48OMNIS_RPL
=946  \\$k2017
=951  \7$aKotlina Kłodzka$2DBN
=953  \\$aLCHk17001571$9LOCAL$z48OMNIS_CHE
=955  \7$aAdaptacja filmowa$2DBN
=955  \7$aDokumenty audiowizualne$2DBN
=955  \7$aDramat filmowy$2DBN
=959  \\$p110600075500$c20.96$d20170911$tF$eD$x0183/2017$jA.4E$hW$bA002949$aFS$9LOCAL$z48OMNIS_CHE
=960  \\$f423667$sF/dra$nF/10584$uMediateka$o11$9LOCAL$z48OMNIS_RPL
=960  \\$f422780$sF/10329$nF/10329$uMediateka-magazyn$o11$9LOCAL$z48OMNIS_RPL
=963  \\$aCHE_1$9LOCAL$z48OMNIS_CHE
=980  \\$aFilmy i seriale
=986  \\$aFilm czeski
=986  \\$aFilm niemiecki
=986  \\$aFilm polski
=986  \\$aFilm słowacki
=992  \\$a(PL)b0000005799988$b98
=999  \\$akw$9LOCAL$z48OMNIS_RPL
  
