=LDR  06024ngm a22015971i 4500
=001  b0000030138766
=005  20230201165718.9
=007  vd#csaizq
=008  170921s2017    pl 128       |    vlpol c
=009  9910902709405606
=035  \\$a(MARC 21)(PL)b0000030138766-48omnis_rpl
=035  \\$awbpkbg226316
=040  \\$aKIEL W$dKIEL W$dWA N$dKR U$dWA N
=041  1\$apol$jeng$hpol
=046  \\$k2017
=080  \\$a791.22(437.3)
=080  \\$a791.22(437.6)
=080  \\$a791.22(430)
=080  \\$a791.22(438)
=080  \\$a791.22(485)
=080  \\$a791.221.5(437.3)
=080  \\$a791.221.5(437.6)
=080  \\$a791.221.5(430)
=080  \\$a791.221.5(438)
=080  \\$a791.221.5(485)
=130  0\$aPokot (film)
=245  00$aPokot /$cStudio Filmowe Tor ; reżyseria Agnieszka Holland, Kasia Adamik ; scenariusz Olga Tokarczuk, Agnieszka Holland ; produkcja Krzysztof Zanussi, Janusz Wąchała.
=260  \\$aWarszawa :$bWydawnictwo Agora,$c[2017].
=300  \\$a1 Blu-ray (128 min) :$bdźwiękowy, kolorowy ;$c12 cm.
=306  \\$a020800
=336  \\$aObraz ruchomy 2D$btdi$2rdacontent
=337  \\$aWideo$bv$2rdamedia
=338  \\$aPłyta wideo$bvd$2rdacarrier
=380  \\$aFilmy i seriale
=386  \\$mPrzynależność kulturowa$aFilm czeski
=386  \\$mPrzynależność kulturowa$aFilm niemiecki
=386  \\$mPrzynależność kulturowa$aFilm polski
=386  \\$mPrzynależność kulturowa$aFilm słowacki
=388  1\$a2001-
=500  \\$aNa podstawie powieści Olgi Tokarczuk pt.: Prowadź swój pług przez kości umarłych.
=508  \\$aMuzyka Antoni Komasa-Łazarkiewicz ; zdjęcia Jolanta Dylewska, Rafał Paradowski.
=511  0\$aAgnieszka Mandat, Wiktor Zborowski, Jakub Gierszał, Borys Szyc, Mirosław Krobot, Patricia Wolny, Tomasz Kot, Andrzej Grabowski, Katarzyna Herman, Marcin Bosak, Andrzej Konopka.
=538  \\$aDźwięk: Dolby Digital 5.1; obraz: 16:9.
=546  \\$aOryginalna ścieżka dźwiękowa w języku polskim, napisy angielskie, audiodeskrypcja w języku polskim.
=586  8\$aSrebrny Niedźwiedź 2017 Nagroda im. Alfred Bauera - Agnieszka Holland.
=600  17$aTokarczuk, Olga$d(1962- ).$tProwadź swój pług przez kości umarłych$2DBN
=650  \7$aKłusownictwo$2DBN
=650  \7$aKoło łowieckie$2DBN
=650  \7$aKorupcja$2DBN
=650  \7$aŁowiectwo$2DBN
=650  \7$aMyśliwi$2DBN
=650  \7$aPrawo łowieckie$2DBN
=651  \7$aKotlina Kłodzka$2DBN
=655  \7$aAdaptacja filmowa$2DBN
=655  \7$aDramat filmowy$2DBN
=655  \7$aFilm fabularny$2DBN
=700  1\$aHolland, Agnieszka$d(1948- )$eReżyseria$eScenariusz
=700  1\$aAdamik, Kasia$d(1972- )$eReżyseria
=700  1\$aTokarczuk, Olga$d(1962- )$eScenariusz
=700  1\$aŁazarkiewicz, Antoni$d(1980- )$eKompozytor
=700  1\$aDylewska, Jolanta$d(1958- )$eZdjęcia
=700  1\$aParadowski, Rafał$d(1973- )$eZdjęcia
=700  1\$aMandat, Agnieszka$d(1953- )$eWykonanie
=700  1\$aZborowski, Wiktor$d(1951- )$eWykonanie
=700  1\$aGierszał, Jakub$d(1988- )$eWykonanie
=700  1\$aSzyc, Borys$d(1978- )$eWykonanie
=700  1\$aKrobot, Mirosław.$eWykonanie
=700  1\$aWolny, Patricia.$eWykonanie
=700  1\$aKot, Tomasz$d(1977- )$eWykonanie
=700  1\$aGrabowski, Andrzej$d(1952- )$eWykonanie
=700  1\$aHerman, Katarzyna$d(1971- )$eWykonanie
=700  1\$aBosak, Marcin$d(1979- )$eWykonanie
=710  2\$aStudio Filmowe "Tor"$eProdukcja
=852  \\$822597387550005066$j1$hFon.DVD.73.001 A$bBN_PL$p888a0432835$cbnag_a
=852  \\$822597387500005066$j1$hFon.DVD.73.002$bBN_PL$p888a0432839$cbnag
=852  \\$822557137010005067$j1$hBJ F 303675$bBJ$p1002717190$cBJ_CZ_AUD
=852  \\$822557137050005067$j1$hBJ A F 304344$bBJ$p1002717189$cBJ_M_AUD
=852  \\$82283531930005068$j1$hF/dra$bWBP-KIELCE$p422781$cMEDIA
=918  1\$aHolland, Agnieszka$d(1948- )
=918  1\$aAdamik, Kasia$d(1972- )
=918  1\$aTokarczuk, Olga$d(1962- )
=918  1\$aŁazarkiewicz, Antoni$d(1980- )
=918  1\$aDylewska, Jolanta$d(1958- )
=918  1\$aParadowski, Rafał$d(1973- )
=918  1\$aMandat, Agnieszka$d(1953- )
=918  1\$aZborowski, Wiktor$d(1951- )
=918  1\$aGierszał, Jakub$d(1988- )
=918  1\$aSzyc, Borys$d(1978- )
=918  1\$aKrobot, Mirosław.
=918  1\$aWolny, Patricia.
=918  1\$aKot, Tomasz$d(1977- )
=918  1\$aGrabowski, Andrzej$d(1952- )
=918  1\$aHerman, Katarzyna$d(1971- )
=918  1\$aBosak, Marcin$d(1979- )
=921  2\$aStudio Filmowe "Tor"
=923  \\$aAgora
=931  \\$a791.22(437.3)
=931  \\$a791.22(437.6)
=931  \\$a791.22(430)
=931  \\$a791.22(438)
=931  \\$a791.22(485)
=931  \\$a791.221.5(437.3)
=931  \\$a791.221.5(437.6)
=931  \\$a791.221.5(430)
=931  \\$a791.221.5(438)
=931  \\$a791.221.5(485)
=935  \\$a(KIEL_W)wbpkbg226316$9LOCAL$z48OMNIS_RPL
=946  \\$k2017
=951  \7$aKotlina Kłodzka$2DBN
=953  \\$a5618146$9LOCAL$z48OMNIS_JAN
=955  \7$aAdaptacja filmowa$2DBN
=955  \7$aDramat filmowy$2DBN
=955  \7$aFilm fabularny$2DBN
=960  \\$f422781$sF/dra$nF/10328$uMediateka$o10$9LOCAL$z48OMNIS_RPL
=963  \\$aJAN_2$9LOCAL$z48OMNIS_JAN
=980  \\$aFilmy i seriale
=986  \\$aFilm czeski
=986  \\$aFilm niemiecki
=986  \\$aFilm polski
=986  \\$aFilm słowacki
=999  \\$aBNzzdia$bmk
  
