=LDR  04463nam a2200829 i 4500
=001  b0000030144588
=005  20221209125019.2
=008  ++++  b++++++++pl++++++++++++000+0 pol++
=009  9910849435705606
=035  \\$a(MARC 21)(PL)b0000030144588-48omnis_rpl
=035  \\$awbpdzs238285
=040  \\$aKIEL W$dWA N
=041  0\$apol
=245  0\$aWojewódzka Biblioteka Publiczna w Kielcach - sesje, spotkania autorskie, konferencje od 2000r.$hzaproszenia.
=300  \\$a1 dok. ;$c21x30cm.
=336  \\$aText$btxt$2rdacontent
=337  \\$aBez urządzenia pośredniczącego$bn$2rdamedia
=338  \\$aWolumin$bnc$2rdacarrier
=505  \\$aZawiera : Spotkanie autorskie z Olgą Tokarczuk, [Zaproszenie - 2 egz.], [08.10.2003r.], Spotkanie autorskie z Williamem Whartonem,[zaproszenie], [2000r.], Prezentacja publikacji pt. ,,Andrzej Lenartowski:bibliotgrafia podmiotowo-przedmiotowa ", [zaproszenie],[2 egz.], [2004r.], Spotkanie autorskie z Tomaszem Łubieńskim, [zaproszenie],[2 egz.],[2004r.] Spotkanie autorskie z Katarzyną Grocholą, [2005], [wywieszka], [zaproszenie], .
=600  17$aTokarczuk, Olga$d(1962- )$2DBN
=600  17$aLenartowski Andrzej$2DBN
=600  17$aLubieński, Tomasz$2DBN
=610  27$aWojewódzka Biblioteka Publiczna im. Witolda Gombrowicza (Kielce)$2DBN
=630  07$aSpotkanie autorskie z Olgą Tokarczuk$zKielce$y2003$vZaproszenie$2DBN
=630  07$aSpotkanie autorskie z Williamem Whartonem$zKielce$y2000$vZaproszenie$2DBN
=630  07$a"Andrzej Lenartowski: bibliografia podmiotowo-przedmiotowa"$zKielce$y2004$vZaproszenie$2DBN
=630  07$aSpotkanie autorskie z Tomaszem Łubieńskim$zKielce$y2004$vZaproszenie$2DBN
=650  \7$aLiteratura polska$2DBN
=650  \7$aLiteratura$2DBN
=651  \7$aKielce (woj. świętokrzyskie)$2DBN
=693  \\$a16.01.02 Biblioteki.
=693  \\$a13.01.04. Literatura. Literackie spotkania.
=700  1\$aTokarczuk, Olga$d(1962- )$ePisarka
=700  1\$aWharton, William.$ePisarz
=700  1\$aLenartowski, Andrzej.$ePisarz
=700  1\$aLubieński, Tomasz$ePisarz
=710  \\$aWojewódzka Biblioteka Publiczna w Kielcach$aKielce$eorg.
=710  \\$aDom Wydawniczy REBIS$aKielce$eorg.
=710  \\$aKomitet Organizacyjmy Kieleckiej Wiosny 2000$eOrg.
=710  \\$aKieleckie Centrum Kultury$aKielce, ul. Plac Moniuszki 2/3$eOrg.
=710  \\$aWydzieł Humanistyczny Akademii Świętokrzyskiej w Kielcach$aKielce$eorg.
=711  2\$aWojewódzka Biblioteka Publiczna w Kielcach$aSpotkanie autorskie z Katarzyną Grocholą$d(2005 ;$cWojewódzki Dom Kultury)$eorg.
=852  \\$82282100070005068$j1$hDŻS XVI-1b$bWBP-KIELCE$p(PL)b0000030144588-1$cCZYTREG
=918  1\$aTokarczuk, Olga$d(1962- )
=918  1\$aWharton, William.
=918  1\$aLenartowski, Andrzej.
=918  1\$aŁubieński, Tomasz.
=919  2\$aWojewódzka Biblioteka Publiczna w Kielcach$aSpotkanie autorskie z Katarzyną Grocholą$d(2005 ;$cWojewódzki Dom Kultury)
=921  \\$aWojewódzka Biblioteka Publiczna w Kielcach$aKielce
=921  \\$aDom Wydawniczy REBIS$aKielce
=921  \\$aKomitet Organizacyjmy Kieleckiej Wiosny 2000
=921  \\$aKieleckie Centrum Kultury$aKielce, ul. Plac Moniuszki 2/3
=921  \\$aWydzieł Humanistyczny Akademii Świętokrzyskiej w Kielcach$aKielce
=930  07$aSpotkanie autorskie z Olgą Tokarczuk$zKielce$y2003$vZaproszenie$2DBN
=930  07$aSpotkanie autorskie z Williamem Whartonem$zKielce$y2000$vZaproszenie$2DBN
=930  07$a"Andrzej Lenartowski: bibliografia podmiotowo-przedmiotowa"$zKielce$y2004$vZaproszenie$2DBN
=930  07$aSpotkanie autorskie z Tomaszem Łubieńskim$zKielce$y2004$vZaproszenie$2DBN
=935  \\$a(KIEL_W)wbpdzs238285$9LOCAL$z48OMNIS_RPL
=951  \7$aKielce (woj. świętokrzyskie)$2DBN
=960  \\$sDŻS XVI-1b$uCzytelnia Regionalna$o24$9LOCAL$z48OMNIS_RPL
=999  \\$aps$9LOCAL$z48OMNIS_RPL
  
