=LDR  02910nam a2200529 i 4500
=001  b0000030146243
=005  20211030064117.6
=008  2015  b2015++++pl++++++++++++000+0 pol++
=009  9910912463905606
=035  \\$a(MARC 21)(PL)b0000030146243-48omnis_rpl
=035  \\$awbpdzs239940
=040  \\$aKIEL W$dWA N
=041  0\$apol
=110  2\$aInstytut Książki$c(Kraków).$bspotkanie z Olgą Tokarczuk [Dyskusyjne Kluby Książki]$d(2015 ;$csiedziba Biblioteki, Kielce, ul. ks. P. Ściegiennego 13)
=245  0\$aWojewódzka Biblioteka Publiczna im. Witolda Gombrowicza w Kielcach - sesje, spotkania autorskie, konferencje od 2009r.$hzaproszenie /$cInstytut Książki (org.) ; Wojewódzka Biblioteka Publiczna im. W. Gombrowicza w Kielcach (współorg.).
=250  \\$aWyd. [1].
=260  \\$aKielce :$bWBP w Kielcach,$c2015$e(Kielce :$fWBP,$g2015).
=300  \\$a2 dok. :$bfot. ;$c13x9cm.
=336  \\$aText$btxt$2rdacontent
=337  \\$aBez urządzenia pośredniczącego$bn$2rdamedia
=338  \\$aWolumin$bnc$2rdacarrier
=505  \\$aZawiera: Dyskusyjne Kluby Książki - spotkanie z Olgą Tokarczuk, [12.02.2015r.], [zaproszenie], [2 egz.], [fot.], [13x9cm.], .
=600  17$aTokarczuk, Olga$d(1962- )$2DBN
=610  27$aWojewódzka Biblioteka Publiczna im. W. Gombrowicza w Kielcach$2DBN
=630  07$aspotkanie z Olgą Tokarczuk$y2015$vzaproszenie$2DBN
=650  \7$aBibliotekarstwo$2DBN
=651  \7$aKielce (woj. świętokrzyskie)$2DBN
=693  \\$a16.01.02. Biblioteki.
=700  1\$aTokarczuk, Olga$d(1962- )$epowieściopisarka
=710  \\$aInstytut Książki$aKraków$eorg.
=711  2\$aInstytut Książki$aspotkanie z Olgą Tokarczuk [Dyskusyjne Kluby Książki]$d(2015 ;$csiedziba Biblioteki, Kielce, ul. ks. P. Ściegiennego 13)$eorg.
=852  \\$82273908280005068$j1$hDŻS XVI-1b$bWBP-KIELCE$p(PL)b0000030146243-1$cCZYTREG
=918  1\$aTokarczuk, Olga$d(1962- )
=919  2\$aInstytut Książki$aspotkanie z Olgą Tokarczuk [Dyskusyjne Kluby Książki]$d(2015 ;$csiedziba Biblioteki, Kielce, ul. ks. P. Ściegiennego 13)
=921  \\$aInstytut Książki$aKraków
=922  \\$aInstytut Książki spotkanie z Olgą Tokarczuk [Dyskusyjne Kluby Książki]
=930  07$aspotkanie z Olgą Tokarczuk$y2015$vzaproszenie$2DBN
=935  \\$a(KIEL_W)wbpdzs239940$9LOCAL$z48OMNIS_RPL
=951  \7$aKielce (woj. świętokrzyskie)$2DBN
=960  \\$sDŻS XVI-1b$uCzytelnia Regionalna$o24$9LOCAL$z48OMNIS_RPL
=999  \\$aPS$9LOCAL$z48OMNIS_RPL
  
