=LDR  03137nam a2200493 i 4500
=001  b0000030146578
=005  20211030063458.7
=008  2017  b2017++++pl++++++++++++000+0 pol++
=009  9910920952005606
=035  \\$a(MARC 21)(PL)b0000030146578-48omnis_rpl
=035  \\$awbpdzs240275
=040  \\$aKIEL W$dWA N
=041  0\$apol
=110  2\$aWojewódzka Biblioteka Publiczna im. W. Gombrowicza w Kielcach$c(Kielce, ul. ks. P. Ściegiennego 13).$bWernisaż wystawy Olga Tokarczuk na świecie. Przekłady. Odgłosy prasy. Fotografie oraz spotkanie z pisarką$d(2017 ;$csiedziba Biblioteki Kielce, ul. ks. P. Ściegiennego 13)
=245  0\$aWojewódzka Biblioteka Publiczna im. Witolda Gombrowicza w Kielcach - sesje, spotkania autorskie, konferencje od 2009r.$hzaproszenie /$cWojewódzka Biblioteka Publiczna im. W. Gombrowicza w Kielcach (org.).
=250  \\$aWyd. [1].
=260  \\$aKielce :$bWBP w Kielcach,$c2017$e(Kielce :$fWBP,$g2017).
=300  \\$a2 dok. :$bfot. ;$c13x9cm.
=336  \\$aText$btxt$2rdacontent
=337  \\$aBez urządzenia pośredniczącego$bn$2rdamedia
=338  \\$aWolumin$bnc$2rdacarrier
=505  \\$aZawiera: Olga Tokarczuk na świecie - wernisaż wystawy oraz spotkanie z pisarką, [08.02.2017r.], [zaproszenie], [fot.], [13x9cm.], .
=600  17$aTokarczuk, Olga$d(1962- )$2DBN
=610  27$aWojewódzka Biblioteka Publiczna im. Witolda Gombrowicza w Kielcach$2DBN
=630  07$aOlga Tokarczuk na świecie$y2017$vzaproszenie$2DBN
=650  \7$aBibliotekarstwo$2DBN
=651  \7$aKielce (woj. świętokrzyskie)$2DBN
=693  \\$a16.01.02. Biblioteki.
=700  1\$aTokarczuk, Olga$d(1962- )
=710  \\$aWojewódzka Biblioteka Publiczna im. W. Gombrowicza w Kielcach$aKielce, ul. ks. P. Ściegiennego 13$eorg.
=711  2\$aWojewódzka Biblioteka Publiczna im. W. Gombrowicza w Kielcach$aWernisaż wystawy "Olga Tokarczuk na świecie. Przekłady. Odgłosy prasy. Fotografie" oraz spotkanie z pisarką$d(2017 ;$csiedziba Biblioteki, Kielce, ul. ks. P. Ściegiennego 13)$eorg.
=852  \\$82281391120005068$j1$hDŻS XVI-1b$bWBP-KIELCE$p(PL)b0000030146578-1$cCZYTREG
=918  1\$aTokarczuk, Olga$d(1962- )
=919  2\$aWojewódzka Biblioteka Publiczna im. W. Gombrowicza w Kielcach$aWernisaż wystawy "Olga Tokarczuk na świecie. Przekłady. Odgłosy prasy. Fotografie" oraz spotkanie z pisarką$d(2017 ;$csiedziba Biblioteki, Kielce, ul. ks. P. Ściegiennego 13)
=921  \\$aWojewódzka Biblioteka Publiczna im. W. Gombrowicza w Kielcach$aKielce, ul. ks. P. Ściegiennego 13
=922  \\$aWojewódzka Biblioteka Publiczna im. W. Gombrowicza w Kielcach Wernisaż wystawy Olga Tokarczuk na świecie. Przekłady. Odgłosy prasy. Fotografie oraz spotkanie z pisarką
=930  07$aOlga Tokarczuk na świecie$y2017$vzaproszenie$2DBN
=935  \\$a(KIEL_W)wbpdzs240275$9LOCAL$z48OMNIS_RPL
=951  \7$aKielce (woj. świętokrzyskie)$2DBN
=960  \\$sDŻS XVI-1b$uCzytelnia Regionalna$o24$9LOCAL$z48OMNIS_RPL
=999  \\$aPS$9LOCAL$z48OMNIS_RPL
  
