=LDR  01636naa a2200505 i 4500
=001  b0000030156617
=005  20211030064500.8
=008  2002  s1999++++pl+!!!!!+!!!!+00!+! pol++
=009  9910905098005606
=015  \\$aBRWŚ 1999
=035  \\$a(MARC 21)(PL)b0000030156617-48omnis_rpl
=035  \\$awbpbbr250314
=041  0\$apol
=046  \\$k1999
=100  1\$aBasiński, Szymon
=245  10$aCzekam na natchnienie :$bOlga Tokarczuk w Staszowskim Ośrodku Kultury.
=336  \\$aText$btxt$2rdacontent
=337  \\$aBez urządzenia pośredniczącego$bn$2rdamedia
=338  \\$aWolumin$bnc$2rdacarrier
=380  \\$aArtykuły
=388  1\$a1991-2000
=500  \\$aSpotkanie autorskie.
=520  \\$aSpotkanie autorskie.
=600  17$aTokarczuk, Olga (1962-)$xtwórczość
=610  27$aStaszowski Ośrodek Kultury$zStaszów
=651  \7$aStaszów$xkultura
=655  \7$aArtykuł publicystyczny
=655  \7$aArtykuł z czasopisma regionalnego i lokalnego
=693  \\$a13.01.04$9LOCAL$z48OMNIS_RPL
=740  0\$aSł. Ludu. -
=773  0\$i//$tSł. Ludu. -$g1999, nr 37, s. 7
=915  \\$aBRWŚ 1999
=916  \\$aBasiński, Szymon   
=935  \\$a(KIEL_W)wbpbbr250314$9LOCAL$z48OMNIS_RPL
=946  \\$k1999
=951  \7$aStaszów$xkultura
=955  \7$aArtykuł publicystyczny
=955  \7$aArtykuł z czasopisma regionalnego i lokalnego
=980  \\$aArtykuły
=999  \\$aBP$bES$9LOCAL$z48OMNIS_RPL
  
