=LDR  01755naa a2200517 i 4500
=001  b0000030177137
=005  20211030064735.1
=008  2004  s2003++++pl+!!!!!+!!!!+00!+!!pol+d
=009  9910866782205606
=015  \\$aBRWŚ 2003
=035  \\$a(MARC 21)(PL)b0000030177137-48omnis_rpl
=035  \\$awbpbbr270834
=041  0\$apol
=046  \\$k2003
=100  1\$a(mow),
=245  10$aOko w oko z Olgą Tokarczuk.
=336  \\$aText$btxt$2rdacontent
=337  \\$aBez urządzenia pośredniczącego$bn$2rdamedia
=338  \\$aWolumin$bnc$2rdacarrier
=380  \\$aArtykuły
=388  1\$a2001-
=500  \\$aSpotkanie autorskie w Akademii Świętokrzyskiej; organizator: Wojewódzka Biblioteka Publiczna.
=504  \\$aIl.
=520  \\$aSpotkanie autorskie w Akademii Świętokrzyskiej; organizator: Wojewódzka Biblioteka Publiczna.
=600  17$aTokarczuk, Olga (1962-)$xtwórczość
=610  27$aWojewódzka Biblioteka Publiczna$zKielce
=651  \7$aKielce$xkultura
=655  \7$aArtykuł publicystyczny
=655  \7$aArtykuł z czasopisma regionalnego i lokalnego
=693  \\$a13.01.04$9LOCAL$z48OMNIS_RPL
=740  0\$aSł. Ludu (Kiel.). -
=773  0\$i//$tSł. Ludu (Kiel.). -$g2003, nr 235, s. 7
=915  \\$aBRWŚ 2003
=916  \\$a(mow),   
=935  \\$a(KIEL_W)wbpbbr270834$9LOCAL$z48OMNIS_RPL
=946  \\$k2003
=951  \7$aKielce$xkultura
=955  \7$aArtykuł publicystyczny
=955  \7$aArtykuł z czasopisma regionalnego i lokalnego
=980  \\$aArtykuły
=999  \\$aKZ$bBP$9LOCAL$z48OMNIS_RPL
  
