=LDR  01765naa a2200493 i 4500
=001  b0000030201871
=005  20220707152652.4
=008  090730s2008++++pl+!!!!!+!!!!!00!+!!pol++
=009  9910897225705606
=015  \\$aBRWŚ 2008
=035  \\$a(MARC 21)(PL)b0000030201871-48omnis_rpl
=035  \\$awbpbbr295568
=040  \\$aKIEL W$cKIEL W
=041  0\$apol
=046  \\$k2008
=100  0\$a(GOP)
=245  10$aZ Olgą Tokarczuk w Sandomierzu nie tylko o literaturze.
=336  \\$aTekst$btxt$2rdacontent
=337  \\$aBez urządzenia pośredniczącego$bn$2rdamedia
=338  \\$aWolumin$bnc$2rdacarrier
=380  \\$aArtykuły
=520  \\$aPo raz pierwszy w Sandomierzu spotkanie autorskie Olgi Tokarczuk (ur. w 1962 r.) koncentrujące się przede wszystkim wokół najnowszej powieści „Bieguni".
=600  17$aTokarczuk, Olga$d(1962- )$xtwórczość$2DBN
=610  27$aDom Pracy Twórczej „|Alicja" (Sandomierz)$2DBN
=651  \7$aSandomierz$xkultura$2DBN
=655  \\$aArtykuł publicystyczny
=655  \\$aArtykuł z czasopisma regionalnego i lokalnego
=693  \\$a13.01.04$9LOCAL$z48OMNIS_RPL
=740  0\$aEcho Dnia (Świętokrz.)
=773  0\$i//$tEcho Dnia (Świętokrz.). -$g2008, nr 10, s. 7
=915  \\$aBRWŚ 2008
=916  \\$a(GOP)   
=935  \\$a(KIEL_W)wbpbbr295568$9LOCAL$z48OMNIS_RPL
=946  \\$k2008
=951  \7$aSandomierz$xkultura$2DBN
=955  \\$aArtykuł publicystyczny
=955  \\$aArtykuł z czasopisma regionalnego i lokalnego
=980  \\$aArtykuły
=999  \\$aKC$bIK$9LOCAL$z48OMNIS_RPL
  
