=LDR  01530naa a2200469 i 4500
=001  b0000030204004
=005  20220707152645.0
=008  110606s2008++++pl+!!!!!+!!!!!00!+!!pol++
=009  9910872424805606
=015  \\$aBRWŚ 2008
=035  \\$a(MARC 21)(PL)b0000030204004-48omnis_rpl
=035  \\$awbpbbr297701
=040  \\$aKIEL W$cKIEL W
=041  0\$apol
=046  \\$k2008
=245  00$aSPOTKANIE z Olgą Tokarczuk.
=336  \\$aTekst$btxt$2rdacontent
=337  \\$aBez urządzenia pośredniczącego$bn$2rdamedia
=338  \\$aWolumin$bnc$2rdacarrier
=380  \\$aArtykuły
=440  \0$aObejrzane Zasłyszane
=600  17$aTokarczuk, Olga$d(1962- )$xtwórczość$2DBN
=610  27$aDom Pracy Twórczej „|Alicja" (Sandomierz)$2DBN
=651  \7$aSandomierz$xkultura$2DBN
=655  \\$aArtykuł publicystyczny
=655  \\$aArtykuł z czasopisma regionalnego i lokalnego
=693  \\$a13.01.04$9LOCAL$z48OMNIS_RPL
=740  0\$aSandomierzanin
=773  0\$i//$tSandomierzanin.-$g2008, nr 2, s. 13-15
=915  \\$aBRWŚ 2008
=935  \\$a(KIEL_W)wbpbbr297701$9LOCAL$z48OMNIS_RPL
=946  \\$k2008
=951  \7$aSandomierz$xkultura$2DBN
=955  \\$aArtykuł publicystyczny
=955  \\$aArtykuł z czasopisma regionalnego i lokalnego
=980  \\$aArtykuły
=999  \\$aIK$9LOCAL$z48OMNIS_RPL
  
