=LDR  01747naa a2200505 i 4500
=001  b0000030243770
=005  20220707152652.4
=008  150330s2015++++pl+!!!!!+!!!!!00!+! pol++
=009  9910938042205606
=015  \\$aBRWŚ 2015
=035  \\$a(MARC 21)(PL)b0000030243770-48omnis_rpl
=035  \\$awbpbbr337467
=040  \\$aKIEL W$cKIEL W
=046  \\$k2015
=100  1\$aChmielewski, Paweł
=245  10$aKosmosu niecałkowite opisanie przez Jakuba i Benedykta uczynione.
=336  \\$aTekst$btxt$2rdacontent
=337  \\$aBez urządzenia pośredniczącego$bn$2rdamedia
=338  \\$aWolumin$bnc$2rdacarrier
=380  \\$aArtykuły
=490  0\$aBiblioteka
=520  8\$aSpotkanie z czytelnikami w Wojewódzkiej Bibliotece Publicznej im. Witolda Gombrowicza.
=600  17$aTokarczuk, Olga$d(1962- )$xtwórczość$2DBN
=610  27$aWojewódzka Biblioteka Publiczna im. Witolda Gombrowicza (Kielce)$2DBN
=651  \7$aKielce$xkultura$2DBN
=655  \\$aArtykuł publicystyczny
=655  \\$aArtykuł z czasopisma regionalnego i lokalnego
=693  \\$a13.01.04$9LOCAL$z48OMNIS_RPL
=740  0\$aProjektor
=773  1\$a//$tProjektor. -$g2015, nr 2, s. 58-59
=830  \0$aBiblioteka
=915  \\$aBRWŚ 2015
=916  \\$aChmielewski, Paweł   
=935  \\$a(KIEL_W)wbpbbr337467$9LOCAL$z48OMNIS_RPL
=946  \\$k2015
=951  \7$aKielce$xkultura$2DBN
=955  \\$aArtykuł publicystyczny
=955  \\$aArtykuł z czasopisma regionalnego i lokalnego
=980  \\$aArtykuły
=999  \\$aIK$9LOCAL$z48OMNIS_RPL
  
