=LDR  01737naa a2200493 i 4500
=001  b0000030245414
=005  20220707152652.4
=008  150605s2015++++pl+!!!!!+!!!!!00!+!!pol++
=009  9910900636105606
=015  \\$aBRWŚ 2015
=035  \\$a(MARC 21)(PL)b0000030245414-48omnis_rpl
=035  \\$awbpbbr339111
=040  \\$aKIEL W$cKIEL W
=046  \\$k2015
=100  1\$aCichocka, Lidia
=245  10$aOlga Tokarczuk:- Do Kielc jadę jak do domu.
=336  \\$aTekst$btxt$2rdacontent
=337  \\$aBez urządzenia pośredniczącego$bn$2rdamedia
=338  \\$aWolumin$bnc$2rdacarrier
=380  \\$aArtykuły
=520  8\$aSpotkanie z Olgą Tokarczuk (1962- ) w Wojewódzkiej Bibliotece Publicznej w Kielcach.
=600  17$aTokarczuk, Olga$d(1962- )$xtwórczość$2DBN
=610  27$aWojewódzka Biblioteka Publiczna im. Witolda Gombrowicza (Kielce)$2DBN
=650  \7$aBiblioteki publiczne$2DBN
=651  \7$aKielce$xbibliotekarstwo$2DBN
=655  \\$aArtykuł publicystyczny
=655  \\$aArtykuł z czasopisma regionalnego i lokalnego
=693  \\$a13.01.04$9LOCAL$z48OMNIS_RPL
=740  0\$aEcho Dnia (Kiel.)
=773  0\$i//$tEcho Dnia (Kiel.). -$g2015, nr 37, s. 5
=915  \\$aBRWŚ 2015
=916  \\$aCichocka, Lidia   
=935  \\$a(KIEL_W)wbpbbr339111$9LOCAL$z48OMNIS_RPL
=946  \\$k2015
=951  \7$aKielce$xbibliotekarstwo$2DBN
=955  \\$aArtykuł publicystyczny
=955  \\$aArtykuł z czasopisma regionalnego i lokalnego
=980  \\$aArtykuły
=999  \\$aAN$bIK$9LOCAL$z48OMNIS_RPL
  
