=LDR  01693naa a2200481 i 4500
=001  b0000030246269
=005  20220707152652.4
=008  160202s2015++++pl+!!!!!+!!!!!00!+!!pol++
=009  9910830073305606
=015  \\$aBRWŚ 2015
=035  \\$a(MARC 21)(PL)b0000030246269-48omnis_rpl
=035  \\$awbpbbr339966
=040  \\$aKIEL W$cKIEL W
=046  \\$k2015
=100  1\$aNosowicz-Kaczorowska, Monika
=245  10$aOlga Tokarczuk promowała swoją książkę w Starachowicach.
=336  \\$aTekst$btxt$2rdacontent
=337  \\$aBez urządzenia pośredniczącego$bn$2rdamedia
=338  \\$aWolumin$bnc$2rdacarrier
=380  \\$aArtykuły
=600  17$aTokarczuk, Olga$d(1962- )$2DBN
=610  27$aMiejska Biblioteka Publiczna im. A. Dygasińskiego (Starachowice)$2DBN
=651  \7$aStarachowice$xkultura$2DBN
=655  \\$aArtykuł publicystyczny
=655  \\$aArtykuł z czasopisma regionalnego i lokalnego
=693  \\$a11.03.03$fStarachowice$9LOCAL$z48OMNIS_RPL
=720  1\$aKACZOROWSKA, Monika NOSOWICZ-.
=740  0\$aEcho Dnia (Świętokrz.)
=773  0\$i//$tEcho Dnia (Świętokrz.). -$g2015, nr 41, s. 11
=915  \\$aBRWŚ 2015
=916  \\$aNosowicz-Kaczorowska, Monika   
=935  \\$a(KIEL_W)wbpbbr339966$9LOCAL$z48OMNIS_RPL
=946  \\$k2015
=951  \7$aStarachowice$xkultura$2DBN
=955  \\$aArtykuł publicystyczny
=955  \\$aArtykuł z czasopisma regionalnego i lokalnego
=980  \\$aArtykuły
=999  \\$aKC$bIK$9LOCAL$z48OMNIS_RPL
  
