=LDR  02095naa a2200589 i 4500
=001  b0000030252784
=005  20220707152645.0
=008  170309s2017++++pl+!!!!!+!!!!!00 +!!pol++
=009  9910899222005606
=015  \\$aBRWŚ 2017
=035  \\$a(MARC 21)(PL)b0000030252784-48omnis_rpl
=035  \\$awbpbbr346481
=040  \\$aKIEL W$cKIEL W
=045  0\$bd2017
=046  \\$k2017
=100  1\$aCichocka, Lidia$eAutor
=245  10$aTokarczuk na wystawie /$cLidia Cichocka.
=336  \\$aTekst$btxt$2rdacontent
=337  \\$aBez urządzenia pośredniczącego$bn$2rdamedia
=338  \\$aWolumin$bnc$2rdacarrier
=380  \\$aArtykuły
=388  1\$a2001-
=520  8\$aWystawa oraz spotkanie w Wojewódzkiej Bibliotece Publicznej im. W. Gombrowicza w Kielcach.
=600  17$aTokarczuk, Olga$d(1962- )$2DBN
=610  27$aWojewódzka Biblioteka Publiczna im. W. Gombrowicza (Kielce)$2DBN
=648  \7$a2001-$2DBN
=650  \7$aPisarze polscy$2DBN
=651  \7$aKielce (woj. świętokrzyskie)$2DBN
=655  \7$aArtykuł z czasopisma regionalnego i lokalnego$2DBN
=655  \7$aArtykuł z gazety$2DBN
=658  \\$aKultura i sztuka
=693  \\$a16.01.02$fKielce (woj. świętokrzyskie)$gWojewódzka Biblioteka Publiczna im. Witolda Gombrowicza$9LOCAL$z48OMNIS_RPL
=740  0\$aEcho Dnia. Relaks (Kiel.)
=773  0\$i//$tEcho Dnia. Relaks (Kiel.). -$g2017, nr 28, dod. Strefa Imprez, s. 2
=915  \\$aBRWŚ 2017
=916  \\$aCichocka, Lidia   
=935  \\$a(KIEL_W)wbpbbr346481$9LOCAL$z48OMNIS_RPL
=945  0\$b2017
=946  \\$k2017
=951  \7$aKielce (woj. świętokrzyskie)$2DBN
=955  \7$aArtykuł z czasopisma regionalnego i lokalnego$2DBN
=955  \7$aArtykuł z gazety$2DBN
=958  \\$aKultura i sztuka
=980  \\$aArtykuły
=999  \\$aKC$9LOCAL$z48OMNIS_RPL
  
