=LDR  02224naa a2200601 i 4500
=001  b0000030256019
=005  20220707152645.0
=008  170214s2017++++pl+!!!!!+!!!!!00 +!!pol++
=009  9910855187705606
=015  \\$aBRWŚ 2017
=035  \\$a(MARC 21)(PL)b0000030256019-48omnis_rpl
=035  \\$awbpbbr349716
=040  \\$aKIEL W$cKIEL W
=045  0\$bd2017
=046  \\$k2017
=100  1\$aKosiek, Angelina$eAutor
=245  10$aNa szwedzką nagrodę wszyscy czekamy /$cAngelina Kosiek.
=260  \\$c9 II 2017.
=336  \\$aTekst$btxt$2rdacontent
=337  \\$aBez urządzenia pośredniczącego$bn$2rdamedia
=338  \\$aWolumin$bnc$2rdacarrier
=380  \\$aArtykuły
=388  1\$a2001-
=520  8\$aOtwarcie wystawy "Olga Tokarczuk na świecie. Przekłady. Odgłosy prasy. Fotografie" oraz spotkanie pisarki z czytelnikami w Wojewódzkiej Bibliotece Publicznej.
=600  17$aTokarczuk, Olga$d(1962- )$2DBN
=610  27$aWojewódzka Biblioteka Publiczna im. W. Gombrowicza (Kielce)$2DBN
=648  \7$a2001-$2DBN
=650  \7$aSpotkanie autorskie$2DBN
=651  \7$aKielce (woj. świętokrzyskie)$2DBN
=655  \7$aArtykuł z czasopisma regionalnego i lokalnego$2DBN
=655  \7$aArtykuł z gazety$2DBN
=658  \7$aKultura i sztuka
=693  \\$a13.01.04$9LOCAL$z48OMNIS_RPL
=740  0\$aKielce Wyborcza
=773  0\$i//$tKielce Wyborcza. -$g2017, 9 lutego, s. 6 [dod. do Gaz. Wybor. Wyd. 1 2017 nr 33]
=915  \\$aBRWŚ 2017
=916  \\$aKosiek, Angelina   
=935  \\$a(KIEL_W)wbpbbr349716$9LOCAL$z48OMNIS_RPL
=945  0\$b2017
=946  \\$k2017
=951  \7$aKielce (woj. świętokrzyskie)$2DBN
=955  \7$aArtykuł z czasopisma regionalnego i lokalnego$2DBN
=955  \7$aArtykuł z gazety$2DBN
=958  \7$aKultura i sztuka
=980  \\$aArtykuły
=999  \\$aIK$bKC$9LOCAL$z48OMNIS_RPL
  
