=LDR  01219nam a2200325 i 4500
=001  b0000040258575
=005  20220202175545.7
=008  210126s2020    pl a         |000 0 pol c
=009  9912235726605606
=035  \\$avtls000894032-48omnis_network
=035  \\$a(KUL)vtls000894032$9ExL
=035  \\$axx005048628
=035  \\$a(PL)b0000040258575
=040  \\$aLUBL KUL$cLUBL KUL
=245  00$aDuchowe światy Olgi Tokarczuk.
=260  \\$aKraków :$bMiesięcznik "Znak",$c2020.
=300  \\$a120 stron :$bilustracje ;$c27 cm.
=336  \\$aTekst$btxt$2rdacontent
=337  \\$aBez urządzenia pośredniczącego$bn$2rdamedia
=338  \\$aWolumin$bnc$2rdacarrier
=490  1\$aZnak : miesięcznik,$x0044-488X ;$vnr 779 (4) 2020
=500  \\$aOpis według okładki.
=600  1\$aTokarczuk, Olga$d(1962- )$xkrytyka i interpretacja.
=710  2\$aSpołeczny Instytut Wydawniczy Znak$eWydawca$4pbl
=830  \0$aZnak Emotikon$x0044-488X$v779 (4) 2020
=852  \\$822173822690006831$j1$hOgC 18$bGG05$p1001183383$cWFil_WFil
=921  2\$aSpołeczny Instytut Wydawniczy Znak
=923  \\$aSpołeczny Instytut Wydawniczy Znak
=935  \\$avtls000894032$9LOCAL$z48OMNIS_KUL
  
