=LDR  01356naa a2200313 i 4500
=001  b0000050611224
=005  20220201204330.5
=008  170523s2014    pl           |000 0 pol c
=009  9912168789105606
=035  \\$aUM2556038-48omnis_network
=035  \\$axx004020066
=040  \\$aTOR U$cTOR U
=041  0\$apol$beng
=100  1\$aLarenta, Anna
=245  10$aLabirynt jako przestrzeń mityczna w Biegunach Olgi Tokarczuk /$cAnna Larenta.
=380  \\$aArtykuły
=500  \\$aTyt. nagł.
=530  \\$aDostęny także w wersji elektronicznej.
=546  \\$aStreszcz. ang.
=600  1\$aTokarczuk, Olga$d(1962- )$xkrytyka i interpretacja.
=650  \\$aLabirynty$xw literaturze.
=773  0\$7nnas$tBiałostockie Studia Literaturoznawcze : BSL : rocznik Wydziału Filologicznego Uniwersytetu w Białymstoku$dBiałystok : Wydawnictwo Uniwersytetu w Białymstoku, 2010-$g5, 2014, s. 341-356$x2082-9701$wxx002240358
=856  41$uhttp://bsl.uwb.edu.pl/download/bsl5/22-Larenta.pdf
=916  \\$aLarenta, Anna   
=935  \\$aUM2556038$9LOCAL$z48OMNIS_UMKWT
=950  \\$uhttps://eu.alma.exlibrisgroup.com/view/uresolver/48OMNIS_NETWORK/openurl?u.ignore_date_coverage=true&portfolio_pid=53365638080006926&Force_direct=true$853365638080006926
=980  \\$aArtykuły
=992  \\$ab0000005221578$b89$zauthor&title-1$zedition
  
