=LDR  01719naa a2200433 i 4500
=001  b0000050631811
=005  20211108234250.8
=008  170928s1997    pl           |000 0 pol c
=009  9912090043705606
=035  \\$aUM2597265-48omnis_network
=035  \\$axx004126601
=040  \\$aTOR U$cTOR U
=100  1\$aDziekanowski, Czesław$d(1943-2021)
=245  10$aKopiowanie pamięci :$bksiążki lektury jednorazowej /$cCzesław Dziekanowski, Tomasz Lange, Tomasz Olchanowski, Wiktor Chomaciuk, Marcin Rębacz, Arnold Toczyski, Agnieszka Samul, Beata Zdanowicz, Sławomira Romaniuk.
=380  \\$aArtykuły
=500  \\$aTyt. nagł.
=600  1\$aTokarczuk, Olga$d(1962- )$xkrytyka i interpretacja.
=700  1\$aLange, Tomasz
=700  1\$aOlchanowski, Tomasz$d(1966- )
=700  1\$aRębacz, Marcin$c(psychoanaliza).
=700  1\$aToczyski, Arnold$d(1970- )
=700  1\$aSamul, Agnieszka
=700  1\$aZdanowicz-Fiedorczuk, Beata.
=700  1\$aRomaniuk, Sławomir.
=773  0\$7nnas$tŚwiat Psychoanalizy : [międzynarodowe pismo psychoanalityczne]$dBiałystok : Trans Humana, 1995-1999$g1-2 (5-6)/1997, s. 209-220$x1234-4311$waa96041135
=916  \\$aDziekanowski, Czesław   (1943- )
=918  1\$aLange, Tomasz
=918  1\$aOlchanowski, Tomasz$d(1966- )
=918  1\$aRębacz, Marcin$c(psychoanaliza).
=918  1\$aToczyski, Arnold$d(1970- )
=918  1\$aSamul, Agnieszka
=918  1\$aZdanowicz-Fiedorczuk, Beata.
=918  1\$aRomaniuk, Sławomir.
=935  \\$aUM2597265$9LOCAL$z48OMNIS_UMKWT
=980  \\$aArtykuły
  
