=LDR  01589naa a2200301 i 4500
=001  b0000050708485
=005  20211030064617.5
=008  190721s2014    pl           |000 0 pol c
=009  9912112129305606
=035  \\$aUM2763836-48omnis_network
=035  \\$axx004669357
=040  \\$aTOR U$cTOR U
=041  0\$apol$brus$beng
=100  1\$aGórska, Weronika$d(1986- )$eAutor
=245  10$aZabić człowieka czy zwierzę? :$bo powieści Olgi Tokarczuk Prowadź swój pług przez kości umarłych /$cWeronika Górska.
=246  30$aO powieści Olgi Tokarczuk Prowadź swój pług przez kości umarłych
=380  \\$aArtykuły
=500  \\$aTytuł nagłówkowy.
=520  8\$aSłowa kluczowe: wegetarianizm, prawa zwierząt, ekofeminizm, powieść kryminalna, Olga Tokarczuk.
=546  \\$aStreszczenie w języku rosyjskim i angielskim.
=600  1\$aTokarczuk, Olga$d(1962- ).$tProwadź swój pług przez kości umarłych
=773  0\$7nnam$tCzłowiek w relacji do zwierząt, roślin i maszyn w kulturze. T. 1, Aspekt posthumanistyczny i transhumanistyczny$dKatowice : Wydawnictwo Uniwersytetu Śląskiego, 2014$kPrace Naukowe Uniwersytetu Śląskiego w Katowicach ISSN 0208-6336 ; nr 3160$gStrony 257-266$z9788322622711$z9788380121041$wxx003339430
=916  \\$aGórska, Weronika   (1986- )
=935  \\$avtls000819319$9LOCAL$z48OMNIS_KUL
=980  \\$aArtykuły
  
