=LDR  00933naa a2200253 i 4500
=001  b0000050711551
=005  20211030064556.8
=008  190801s2009    pl           |000 0 pol c
=009  9912144035105606
=035  \\$aUM2768459-48omnis_network
=035  \\$axx004676526
=040  \\$aTOR U$cTOR U
=100  1\$aGlensk, Urszula$eAutor
=245  10$aFeminizm na glinianych tabliczkach /$cUrszula Glensk.
=380  \\$aArtykuły
=500  \\$aTytuł nagłówkowy.
=600  1\$aTokarczuk, Olga$d(1962- )$xkrytyka i interpretacja.
=773  0\$7nnam$tŚwięte miejsca w literaturze$dOlsztyn : Wydawnictwo Uniwersytetu Warmińsko-Mazurskiego, 2009$gStrony 369-378$z9788372996183$wxx001457534
=916  \\$aGlensk, Urszula   
=935  \\$avtls000821508$9LOCAL$z48OMNIS_KUL
=980  \\$aArtykuły
  
