=LDR  01301naa a2200277 i 4500
=001  b0000050719015
=005  20211030064004.2
=008  190926s2011    pl           |000 0 pol c
=009  9912086331205606
=035  \\$aUM2780909-48omnis_network
=035  \\$axx004708221
=040  \\$aTOR U$cTOR U
=041  0\$apol$beng$brus
=100  1\$aWałowski, Szymon.$eAutor
=245  10$a(Re)konstrukcja kategorii prozy środka na podstawie powieści Olgi Tokarczuk Prowadź swój pług przez kosci umarłych /$cSzymon Wałowski.
=380  \\$aArtykuły
=500  \\$aTytuł nagłówkowy.
=546  \\$aStreszczenie w języku angielskim i rosyjskim.
=600  1\$aTokarczuk, Olga$d(1962- ).$tProwadź swój pług przez kości umarłych
=773  0\$7nnas$tPrace Naukowe Uniwersytetu Śląskiego w Katowicach$dKatowice : UŚ, 1969-$gNr 2891 (2011), strony 144-154$x0208-6336$wcc95204002
=916  \\$aWałowski, Szymon.   
=935  \\$avtls000827361$9LOCAL$z48OMNIS_KUL
=980  \\$aArtykuły
  
