=LDR  01907naa a2200349 i 4500
=001  b0000050719047
=005  20211030064442.7
=008  190926s2011    pl           |000 0 pol c
=009  9912086289905606
=035  \\$aUM2780943-48omnis_network
=035  \\$axx004708405
=040  \\$aTOR U$cTOR U
=041  0\$apol$arus$beng$brus
=100  1\$aPisarska, Justyna$d(1983- ).$eAutor
=245  10$aO rosyjskim przekładzie "Domu dziennego, domu nocnego" Olgi Tokarczuk /$cJustyna Pisarska.
=380  \\$aArtykuły
=500  \\$aTytuł nagłówkowy.
=520  8\$aSłowa kluczowe: Olga Tokarczuk, Prawiek i inne czasy, Gra na wielu bębenkach.
=530  \\$aDostępny rownież online.
=546  \\$aStreszczenie w języku angielskim i rosyjskim.
=600  1\$aTokarczuk, Olga$d(1962- )$vtłumaczenia rosyjskie$xhistoria i krytyka.
=773  0\$7nnas$tPrace Naukowe Uniwersytetu Śląskiego w Katowicach$dKatowice : UŚ, 1969-$gNr 2891 (2011), strony 230-240$x0208-6336$wcc95204002
=856  41$uhttp://hdl.handle.net/20.500.12128/2293
=916  \\$aPisarska, Justyna   (1983- ).
=935  \\$avtls000827370$9LOCAL$z48OMNIS_KUL
=950  \\$uhttps://eu.alma.exlibrisgroup.com/view/uresolver/48OMNIS_NETWORK/openurl?u.ignore_date_coverage=true&portfolio_pid=53209564710006831&Force_direct=true$853209564710006831
=980  \\$aArtykuły
  
