=LDR  01335naa a2200289 i 4500
=001  b0000050726999
=005  20220201204308.9
=008  191031s2014    pl     g     |000 0dpol c
=009  9912135936105606
=035  \\$aUM2794550-48omnis_network
=035  \\$axx004736288
=040  \\$aTOR U$cTOR U
=100  1\$aDarska, Bernadetta$d(1978- )$eAutor
=245  10$aMiędzy realnością a mitem :$bo twórczości Olgi Tokarczuk /$cBernardetta Darska.
=246  30$aO twórczości Olgi Tokarczuk
=380  \\$aArtykuły
=500  \\$aTytuł nagłówkowy.
=504  \\$aBibliografia na stronach 515-523.
=600  1\$aTokarczuk, Olga$d(1962- )$xkrytyka i interpretacja.
=773  0\$7nnam$tSkład osobowy : szkice o prozaikach współczesnych. Cz. 1$dKatowice : Wydawnictwo Uniwersytetu Śląskiego, 2014$kPrace Naukowe Uniwersytetu Śląskiego w Katowicach, ISSN 0208-6336 ; nr 3188$gStrony 491-523$z9788380121461$z9788380121478$wxx003322871
=916  \\$aDarska, Bernadetta   (1978- )
=935  \\$avtls000832859$9LOCAL$z48OMNIS_KUL
=980  \\$aArtykuły
=992  \\$ab0000005358968$b81$zauthor&title-9$zedition
  
