=LDR  02041naa a2200361 i 4500
=001  b0000050736021
=005  20211030064136.9
=008  200111s2017    pl           |000 0 pol c
=009  9912162326605606
=035  \\$aUM2810077-48omnis_network
=035  \\$axx004783045
=040  \\$aTOR U$cTOR U
=041  0\$apol$beng$bfre
=100  1\$aPrzyklenk, Joanna$eAutor
=245  10$aDoświadczenia lekturowe cyfrowego tubylca :$bna przykładzie blogowej recepcji "Ksiąg Jakubowych" Olgi Tokarczuk /$cJoanna Przyklenk, Katarzyna Sujkowska-Sobisz.
=380  \\$aArtykuły
=500  \\$aTytuł nagłówkowy.
=504  \\$aBibliografia na stronach 74-75.
=520  8\$aSłowa kluczowe: językoznawstwo tekstu, odbiór dzieła literackiego, blog, Nagroda Literacka Nike.
=530  \\$aDostępny również online.
=546  \\$aStreszczenie w języku angielskim, francuskim.
=600  1\$aTokarczuk, Olga$d(1962- )$xkrytyka i interpretacja.
=700  1\$aSujkowska-Sobisz, Katarzyna$eAutor
=773  0\$7nnas$tPrace Naukowe Uniwersytetu Śląskiego w Katowicach$dKatowice : UŚ, 1969-$gNr 3602 (2017), strony 49-76$x0208-6336$wcc95204002
=773  0\$7nnam$tNowy(?) kanon(?) : wokół Nagrody Literackiej Nike$dKatowice : Wydawnictwo Uniwersytetu Śląskiego, 2017$kPrace Naukowe Uniwersytetu Śląskiego w Katowicach, ISSN 0208-6336 ; nr 3602$kJęzyk Artystyczny, ISSN 0209-3731 ; t. 16$gStrony 49-76$wxx004144450
=856  41$uhttp://hdl.handle.net/20.500.12128/11200
=916  \\$aPrzyklenk, Joanna   
=918  1\$aSujkowska-Sobisz, Katarzyna
=935  \\$aUM2810077$9LOCAL$z48OMNIS_UMKWT
=950  \\$uhttps://eu.alma.exlibrisgroup.com/view/uresolver/48OMNIS_NETWORK/openurl?u.ignore_date_coverage=true&portfolio_pid=53364998870006926&Force_direct=true$853364998870006926
=980  \\$aArtykuły
  
