=LDR  01352naa a2200325 i 4500
=001  b0000050787719
=005  20220201204330.5
=008  200904s2019    pl           |100 0 pol c
=009  9912149103405606
=035  \\$aUM2913953-48omnis_network
=035  \\$axx004938322
=040  \\$aTOR U$cTOR U
=041  0\$apol$beng
=100  1\$aPrais, Dominika$eAutor
=245  10$aMiędzy przedmiotem a podmiotem :$bstatus psich bohaterów w twórczości Olgi Tokarczuk /$cDominika Prais.
=380  \\$aArtykuły
=500  \\$aTytuł nagłówkowy.
=504  \\$aBibliografia na stronie 189.
=546  \\$aStreszczenie w języku angielskim.
=600  1\$aTokarczuk, Olga$d(1962- )$xkrytyka i interpretacja.
=650  \\$aPies$xw literaturze.
=650  \\$aTranshumanizm$xw literaturze.
=773  0\$7nnam$tKot/pies/człowiek : o relacjach międzygatunkowych i kulturowych tego konsekwencjach$bWydanie I$dGdańsk : Wydawnictwo Uniwersytetu Gdańskiego : Muzeum Narodowe w Gdańsku, 2019$gStrony 176-189$z9788378658313$z9788363185909$z9788363185947$wxx004830234
=916  \\$aPrais, Dominika   
=935  \\$aUM2913953$9LOCAL$z48OMNIS_UMKWT
=980  \\$aArtykuły
=992  \\$ab1000000747214$b82$zauthor&title-8$zedition
  
