=LDR  01492naa a2200325 i 4500
=001  b0000050790102
=005  20211030064519.4
=008  200916s2018    pl           |000 0 pol c
=009  9912146600205606
=035  \\$aUM2918299-48omnis_network
=035  \\$axx004946739
=040  \\$aTOR U$cTOR U
=041  0\$apol$beng$brus
=100  1\$aWaląg, Ewelina$d(1981- )$eAutor
=245  10$aKossak, Tokarczuk, Colette :$bw poszukiwaniu ciała i języka zwierząt /$cEwelina Waląg.
=380  \\$aArtykuły
=500  \\$aTytuł nagłówkowy.
=520  8\$aSłowa kluczowe: postawa feminizmu, zwierzęta, istota, język, wolność.
=546  \\$aStreszczenie angielskie i rosyjskie.
=600  1\$aTokarczuk, Olga$d(1962- )$xtematy, motywy.
=600  0\$aColette$d(1873-1954)$xtematy, motywy.
=650  \\$aZwierzęta$xw literaturze.
=773  0\$7nnas$tPrace Naukowe Uniwersytetu Śląskiego w Katowicach$dKatowice : UŚ, 1969-$gNr 3729(2018), strony 169-177$x0208-6336$wcc95204002
=916  \\$aWaląg, Ewelina   (1981- )
=935  \\$aUM2918299$9LOCAL$z48OMNIS_UMKWT
=980  \\$aArtykuły
  
