=LDR  01422naa a2200301 i 4500
=001  b0000050793591
=005  20211030064213.5
=008  201002s2002    pl     g     |000 0 pol c
=009  9912138157205606
=035  \\$aUM2924055-48omnis_network
=035  \\$axx004961129
=040  \\$aTOR U$cTOR U
=041  0\$apol$beng
=100  1\$aCymanow-Sosin, Klaudia$eAutor
=245  10$a"Dom dzienny, dom nocny" Olgi Tokarczuk :$bw poszukiwaniu utraconej tożsamości /$cBeata Klaudia Sosin.
=380  \\$aArtykuły
=500  \\$aTytuł nagłówkowy.
=530  \\$aDostępne również w wersji elektronicznej.
=546  \\$aStreszczenie w języku angielskim.
=600  1\$aTokarczuk, Olga$d(1962- ).$tDom dzienny, dom nocny
=773  0\$7nnas$tAnnales Academiae Paedagogicae Cracoviensis. Studia Historicolitteraria$dKraków : Wydaw. Naukowe Akademii Pedagogicznej, 2002-2008$kAnnales Academiae Paedagogicae Cracoviensis, ISSN 1643-6512 ; 11$g1 (2002), strony 167-177$x1644-1885$wda2002050046
=856  41$uhttp://hdl.handle.net/11716/5934
=916  \\$aCymanow-Sosin, Klaudia   
=935  \\$aUM2924055$9LOCAL$z48OMNIS_UMKWT
=950  \\$uhttps://eu.alma.exlibrisgroup.com/view/uresolver/48OMNIS_NETWORK/openurl?u.ignore_date_coverage=true&portfolio_pid=53368172470006926&Force_direct=true$853368172470006926
=980  \\$aArtykuły
  
