=LDR  01411naa a2200301 i 4500
=001  b0000050793955
=005  20220201204353.7
=008  201007s2007    pl     g     |000 0 pol c
=009  9912085708805606
=035  \\$aUM2924492-48omnis_network
=035  \\$axx004965073
=040  \\$aTOR U$cTOR U
=041  0\$apol$beng
=100  1\$aCymanow-Sosin, Klaudia$eAutor
=245  10$a"Podróż ludzi księgi" Olgi Tokarczuk jako artystyczne motto debiutantki /$cKlaudia Cymanow-Sosin.
=380  \\$aArtykuły
=500  \\$aTytuł nagłówkowy.
=530  \\$aDostępne również w wersji elektronicznej.
=546  \\$aStreszczenie w języku angielskim.
=600  1\$aTokarczuk, Olga$d(1962- )$xkrytyka i interpretacja.
=773  0\$7nnas$tAnnales Academiae Paedagogicae Cracoviensis. Studia Historicolitteraria$dKraków : Wydaw. Naukowe Akademii Pedagogicznej, 2002-2008$kAnnales Academiae Paedagogicae Cracoviensis, ISSN 1643-6512 ; 44$g7 (2007), strony 172-185$x1644-1885$wda2002050046
=856  41$uhttp://hdl.handle.net/11716/6811
=916  \\$aCymanow-Sosin, Klaudia   
=935  \\$aUM2924492$9LOCAL$z48OMNIS_UMKWT
=950  \\$uhttps://eu.alma.exlibrisgroup.com/view/uresolver/48OMNIS_NETWORK/openurl?u.ignore_date_coverage=true&portfolio_pid=53364884640006926&Force_direct=true$853364884640006926
=980  \\$aArtykuły
=992  \\$ab0000004381541$b85$zauthor&title-5$zedition
  
