=LDR  01125naa a2200301 i 4500
=001  b0000050798596
=005  20211030063519.2
=008  201023s2020    pl           |010 0 pol c
=009  9912104978905606
=035  \\$aUM2932117-48omnis_network
=035  \\$axx004978710
=040  \\$aTOR U$cTOR U
=041  0\$apol$beng
=100  1\$aChudzińska-Parkosadze, Anna$eAutor
=245  10$aMitologizacja obrazu rzeki w eseju Olgi Tokarczuk Odra /$cAnna Chudzińska-Parkosadze.
=380  \\$aArtykuły
=500  \\$aTytuł nagłówkowy.
=546  \\$aStreszczenie angielskie.
=600  1\$aTokarczuk, Olga$d(1962- )$xtematy, motywy.
=650  \\$aRzeki$xw literaturze.
=651  \\$aOdra (rzeka)$xw literaturze.
=773  0\$7nnam$tŻywioły : motyw wody w literaturze, kulturze i sztuce$dGdańsk ; Sopot : Wydawnictwo Uniwersytetu Gdańskiego, 2020$gStrony 187-196$z9788382060133$wxx004953163
=916  \\$aChudzińska-Parkosadze, Anna   
=935  \\$avtls000882932$9LOCAL$z48OMNIS_KUL
=951  \\$aOdra (rzeka)$xw literaturze.
=980  \\$aArtykuły
  
