=LDR  01099naa a2200265 i 4500
=001  b0000050801397
=005  20211030063708.5
=008  201103s2007    pl           |000 0 pol c
=009  9912111060305606
=035  \\$aUM2936822-48omnis_network
=035  \\$axx004987657
=040  \\$aTOR U$cTOR U
=100  1\$aDutka, Elżbieta.$eAutor
=245  10$a"Innego końca świata nie będzie" - o Apokalipsie w opowiadaniu "Próba generalna" Olgi Tokarczuk /$cElżbieta Dutka.
=380  \\$aArtykuły
=500  \\$aTytuł nagłówkowy.
=600  1\$aTokarczuk, Olga$d(1962- )$xkrytyka i interpretacja.
=600  1\$aTokarczuk, Olga$d(1962- )$xtematy, motywy.
=773  0\$7nnam$tApokalipsa : symbolika, tradycja, egzegeza. T. 2$dBiałystok : Instytut Filologii Polskiej Uniwersytetu, 2007$kCzarny Romantyzm$gStrony [855]-866$z9788374311038$z9788374311229$wzz2007923561
=916  \\$aDutka, Elżbieta.   
=935  \\$avtls000884107$9LOCAL$z48OMNIS_KUL
=980  \\$aArtykuły
  
