=LDR  01431naa a2200289 i 4500
=001  b0000050824050
=005  20211030063941.3
=008  210305s2009    pl     g     |000 0 pol c
=009  9912126512405606
=035  \\$aUM2975324-48omnis_network
=035  \\$axx005083709
=040  \\$aTOR U$cTOR U
=041  0\$apol$beng
=100  1\$aWitkoś, Katarzyna$c(literaturoznawstwo).$eAutor
=245  10$aLiteratura a psychologia głębi :$b"Ostatnie historie" Olgi Tokarczuk czyli droga do indywiduacji C.G. Junga /$cKatarzyna Witkoś.
=380  \\$aArtykuły
=500  \\$aTytuł nagłówkowy.
=530  \\$aDostępne również w wersji elektronicznej.
=546  \\$aStreszczenie w języku angielskim.
=600  1\$aTokarczuk, Olga$d(1962- )$xkrytyka i interpretacja.
=773  0\$7nnas$tAnnales Universitatis Paedagogicae Cracoviensis. Studia Historicolitteraria$dKraków : Wydawnictwo Naukowe Uniwersytetu Pedagogicznego, 2009-$kAnnales Universitatis Paedagogicae Cracoviensis, ISSN 1689-9903 ; 67$g9 (2009), strony 206-218$x2081-1853$wxx001490737
=856  41$uhttp://hdl.handle.net/11716/9687
=916  \\$aWitkoś, Katarzyna  (literaturoznawstwo). 
=935  \\$aUM2975324$9LOCAL$z48OMNIS_UMKWT
=950  \\$uhttps://eu.alma.exlibrisgroup.com/view/uresolver/48OMNIS_NETWORK/openurl?u.ignore_date_coverage=true&portfolio_pid=53364235450006926&Force_direct=true$853364235450006926
=980  \\$aArtykuły
  
