=LDR  01916naa a2200361 i 4500
=001  b0000050844482
=005  20211030064004.2
=008  190801s2015    pl a         |000 0 rusoc
=009  9912111131705606
=035  \\$aUM2769626-48omnis_network
=035  \\$axx004676082
=040  \\$aTOR U$cTOR U
=041  0\$arus$beng$bpol
=100  1\$aŠarapova, Ekaterina Pavlovna.$eAutor
=245  10$aMagičeskij realizm v romanah Olʹgi Tokarčuk: Pravek i drugie vremena, Putʹ lûdej Knigi, Dom dnevnoj, dom nočnoj /$cEkaterina Sharapova.
=380  \\$aArtykuły
=500  \\$aTytuł nagłówkowy.
=504  \\$aBibliografia na stronie 209-210.
=530  \\$aDostępny również w wersji elektronicznej.
=546  \\$aStreszczenie w języku angielskim, polskim.
=600  1\$aTokarczuk, Olga$d(1962- )$xkrytyka i interpretacja.
=650  \\$aRealizm magiczny (literatura).
=773  0\$7nnas$tActa Humana : artykuły, recenzje, wydarzenia naukowe$dLublin : Wydawnictwo UMCS, 2010-$g2015, nr 6=6, strony 195-210$x2082-4459$wxx001924206
=856  41$uhttps://journals.umcs.pl/ah/article/view/3741
=916  \\$aŠarapova, Ekaterina Pavlovna.   
=935  \\$avtls000822041$9LOCAL$z48OMNIS_KUL
=950  \\$uhttps://eu.alma.exlibrisgroup.com/view/uresolver/48OMNIS_NETWORK/openurl?u.ignore_date_coverage=true&portfolio_pid=53209478430006831&Force_direct=true$853209478430006831
=980  \\$aArtykuły
  
