=LDR  01391naa a2200289 i 4500
=001  b0000050844757
=005  20211030064250.1
=008  190911s2019    pl           |000 0 rusoc
=009  9912115881805606
=035  \\$aUM2778338-48omnis_network
=035  \\$axx004697462
=040  \\$aTOR U$cTOR U
=041  0\$arus$beng$bpol
=100  1\$aFontański, Henryk$d(1947- )$eAutor
=245  10$aRegistrovaâ harakteristika obrazov pamâti v romane Ol'gi Tokarčuk Beguny i ego perevode na russkij âzyk /$cHenryk Fontański.
=380  \\$aArtykuły
=500  \\$aTytuł nagłówkowy.
=504  \\$aBibliografia na stronie 112.
=546  \\$aStreszczenie w języku polskim i angielskim.
=600  1\$aTokarczuk, Olga$d(1962- ).
=700  1\$aTokarczuk, Olga$d(1962- ).$tBieguni
=773  0\$7nnam$tPorządek słów : gramatyka, tekst, styl, dyskurs : księga jubileuszowa dedykowana Profesor Zoi Nowożenowej z okazji 45-lecia pracy naukowej = Porâdok slov : grammatika, tekst, stilʹ, diskurs : ûbilejnaâ monografiâ, posvâŝennaâ 45-letiû naučnoj deâtelʹnosti professor Zoi L. Novoženovoj$dGdańsk : Wydawnictwo Uniwersytetu Gdańskiego, 2019$gStrony 103-113$z9788378657279$wxx004661576
=916  \\$aFontański, Henryk   (1947- )
=918  1\$aTokarczuk, Olga$d(1962- ).
=935  \\$aUM2778338$9LOCAL$z48OMNIS_UMKWT
=980  \\$aArtykuły
  
