=LDR  01185caa a2200265 i 4500
=001  b0000060078100
=005  20221206124134.2
=008  170427s2013    pl           |000 0 pol c
=009  9912921697105606
=035  \\$avtls000596973-48omnis_network
=035  \\$axx003997522
=040  \\$aLUBL U$cLUBL U
=041  0\$apol$beng
=100  1\$aŚwierkosz, Monika$c(literaturoznawstwo).
=245  10$aPrzestrzenie nomadycznych figuracji w prozie Izabeli Filipiak i Olgi Tokarczuk /$cMonika Świerkosz.
=500  \\$aTyt. nagł.
=530  \\$aDostęny także w wersji elektronicznej.
=546  \\$aStreszcz. ang.
=600  1\$aMorska, Izabela$d(1961- )$xkrytyka i interpretacja.
=650  \\$aFeminizm$xw literaturze.
=773  0\$7nnas$tBiałostockie Studia Literaturoznawcze : BSL : rocznik Wydziału Filologicznego Uniwersytetu w Białymstoku$dBiałystok : Wydawnictwo Uniwersytetu w Białymstoku, 2010-$g4, 2013, s. 101-115$x2082-9701$wxx002240358
=856  41$uhttp://repozytorium.uwb.edu.pl/jspui/bitstream/11320/1942/1/07-Swierkosz.pdf
=916  \\$aŚwierkosz, Monika  (literaturoznawstwo). 
  
