=LDR  00923naa a2200253 i 4500
=001  b0000060079294
=005  20221206124134.2
=008  170821s1997    pl           |000 0 pol c
=009  9912926245505606
=035  \\$avtls000611402-48omnis_network
=035  \\$axx004092197
=040  \\$aLUBL U$cLUBL U
=100  1\$aToczyski, Arnold$d(1970- )
=245  10$aCogito /$cArnold Toczyski.
=500  \\$aTyt. nagł.
=504  \\$aBibliogr. s. 48.
=600  1\$aTokarczuk, Olga$d(1962- ).
=600  1\$aTokarczuk, Olga$d(1962- )$xkrytyka i interpretacja.
=655  \\$aLiteratura polska$y1970-.
=773  0\$7nnas$tŚwiat Psychoanalizy : [międzynarodowe pismo psychoanalityczne]$dBiałystok : Trans Humana, 1995-1999$g1-2 (5-6)/1997, s. 206-208$x1234-4311$waa96041135
=916  \\$aToczyski, Arnold   (1970- )
=955  \\$aLiteratura polska$y1970-.
  
