=LDR  01050caa a2200241 i 4500
=001  b0000060084214
=005  20221206124134.2
=008  180629s2010    pl       o   |000 0 pol c
=009  9912926111705606
=035  \\$avtls000654530-48omnis_network
=035  \\$axx004361355
=040  \\$aLUBL U$cLUBL U
=100  1\$aBrowarny, Wojciech$d(1970- )$eAutor
=245  10$aGatunek sudecki /$cWojciech Browarny.
=500  \\$aTytuł nagłówkowy.
=520  8\$aRecenzja książki: Prowadź swój pług przez kości umarłych / Olga Tokarczuk. Kraków, 2009.
=600  1\$aTokarczuk, Olga$d(1962- ).$tProwadź swój pług przez kości umarłych
=650  \\$aKsiążki$xrecenzje$y1990-.
=700  1\$aTokarczuk, Olga$d(1962- ).$tProwadź swój pług przez kości umarłych
=773  0\$7nnas$tOdra : [miesięcznik społeczno-kulturalny]$dWrocław : Wrocławskie Wydaw. Prasowe RSW "Prasa", 1961-$gR. 50 nr 9 2010, strony 129-130$x0472-5182$waa95026318
=916  \\$aBrowarny, Wojciech   (1970- )
=918  1\$aTokarczuk, Olga$d(1962- ).
  
