=LDR  01604caa a2200265 i 4500
=001  b0000060089640
=005  20221206124122.4
=008  190829s2012    pl           |000 0 pol c
=009  9912918502605606
=035  \\$avtls000726244-48omnis_network
=035  \\$axx004689824
=040  \\$aLUBL U$cLUBL U
=041  0\$apol$beng$bhrv
=100  1\$aMajdzik, Katarzyna$d(1984- )$eAutor
=245  10$aOblicza melancholii :$bSzafa Olgi Tokarczuk i jej chorwacki przekład /$cKatarzyna Majdzik.
=520  8\$aSłowa kluczowe: melancholy, subjectivity, psychoanalysis, translation, interpretation.
=546  \\$aStreszczenie w języku angielskim i chorwackim.
=600  1\$aTokarczuk, Olga$d(1962- ).$tSzafa
=773  0\$7nnas$tPrace Naukowe Uniwersytetu Śląskiego w Katowicach$dKatowice : UŚ, 1969-$gNr 2945 (2012), strony 252-266$x0208-6336$wcc95204002
=773  0\$7nnam$tBariery kulturowe w przekładzie artystycznym$dKatowice : Wydawnictwo Uniwersytetu Śląskiego, 2012$kPrace Naukowe Uniwersytetu Śląskiego w Katowicach, ISSN 0208-6336 ; nr 2945$kPrzekłady Literatur Słowiańskich, ISSN 1899-9417 ; T. 3, cz.1$gStrony 252-266$wxx002723286
=856  41$uhttp://hdl.handle.net/20.500.12128/1058
=916  \\$aMajdzik, Katarzyna   (1984- )
  
