=LDR  01608naa a2200301 i 4500
=001  b0000060091659
=005  20221206124122.4
=008  200110s2017    pl           |000 0 pol c
=009  9912928419505606
=035  \\$avtls000752665-48omnis_network
=035  \\$axx004783044
=040  \\$aLUBL U$cLUBL U
=041  \\$apol$beng$bfre
=100  1\$aRejter, Artur$d(1970- )$eAutor
=245  10$aLiteratura wobec dyskursu posthumanizmu :$bna przykładzie prozy Olgi Tokarczuk /$cArtur Rejter.
=500  \\$aTytuył nagłówkowy.
=504  \\$aBibliografia na stronach 45-46.
=520  8\$aSłowa kluczowe: dyskurs, posthumanizm, stylistyka, Olga Tokarczuk.
=530  \\$aDostępny również online.
=546  \\$aStreszczenie w języku angielskim, francuskim.
=600  1\$aTokarczuk, Olga$d(1962- )$xkrytyka i interpretacja.
=650  \\$aTranshumanizm.
=773  0\$7nnas$tPrace Naukowe Uniwersytetu Śląskiego w Katowicach$dKatowice : UŚ, 1969-$gNr 3602 (2017), strony 27-47$x0208-6336$wcc95204002
=773  0\$7nnam$tNowy(?) kanon(?) : wokół Nagrody Literackiej Nike$dKatowice : Wydawnictwo Uniwersytetu Śląskiego, 2017$kPrace Naukowe Uniwersytetu Śląskiego w Katowicach, ISSN 0208-6336 ; nr 3602$kJęzyk Artystyczny, ISSN 0209-3731 ; t. 16$gStrony 27-47$wxx004144450
=856  41$uhttp://hdl.handle.net/20.500.12128/11080
=916  \\$aRejter, Artur   (1970- )
  
