=LDR  01689naa a2200541 i 4500
=001  b0000060143248
=005  20230207143354.1
=008  220725s2022    pl           |000 0 pol c
=009  9912925325805606
=035  \\$avtls000915569-48omnis_network
=035  \\$axx005388031
=040  \\$aLUBL U$cLUBL U$dWA N
=041  0\$apol$beng
=045  2\$bd1999$bd2015
=046  \\$k2022
=080  \\$a821.162.1(091)(045/046)
=100  1\$aChudzińska-Parkosadze, Anna$eAutor
=245  10$aŻywioł ziemi w twórczości Olgi Tokarczuk /$cAnna Chudzińska-Parkosadze.
=260  \\$c2022
=336  \\$aTekst$btxt$2rdacontent
=337  \\$aBez urządzenia pośredniczącego$bn$2rdamedia
=338  \\$aWolumin$bnc$2rdacarrier
=380  \\$aArtykuły
=388  1\$a2001-
=546  \\$aStreszczenie w języku angielskim.
=600  17$aTokarczuk, Olga$d(1962- )$2DBN
=648  \7$a1901-2000$2DBN
=648  \7$a1989-2000$2DBN
=650  \7$aLiteratura polska$2DBN
=650  \7$aTematy i motywy$2DBN
=655  \7$aArtykuł problemowy$2DBN
=658  \\$aLiteraturoznawstwo
=773  0\$iW:$tŻywioły : motyw ziemi w literaturze, kulturze i sztuce.$gs. 15-25$w(PL)b1000002398008
=916  \\$aChudzińska-Parkosadze, Anna   
=931  \\$a821.162.1(091)(045/046)
=945  2\$b1999$b2015
=946  \\$k2022
=955  \7$aArtykuł problemowy$2DBN
=958  \\$aLiteraturoznawstwo
=980  \\$aArtykuły
=999  \\$aBNzkdroz$brs
  
