=LDR  01834cam a2200457 i 4500
=001  b0000070057995
=005  20221207141330.7
=008  210708s2020    sz           |000 0 ger c
=009  9912937629905606
=020  \\$a9783311100195
=035  \\$avtls000371618-48omnis_network
=035  \\$axx005169097
=040  \\$aWR O$cWR O
=041  1\$ager$hpol
=100  1\$aTokarczuk, Olga$d(1962- )$eAutor
=240  10$aCzuły narrator$l(niem. ;$kwybór)
=245  14$aDer liebevolle Erzähler :$bVorlesung zur Verleihung des Nobelpreises für Literatur /$cOlga Tokarczuk ; aus dem Polnischen von Lisa Palmes ; mit dem Essay "Wie Übersetzer die Welt retten".
=260  \\$aZürich :$bKampa,$c© 2020.
=300  \\$a132 strony ;$c19 cm.
=336  \\$aTekst$btxt$2rdacontent
=337  \\$aBez urządzenia pośredniczącego$bn$2rdamedia
=338  \\$aWolumin$bnc$2rdacarrier
=500  \\$aZawiera mowę noblowską oraz esej Olgi Tokarczuk.
=504  \\$aBibliografia na stronach 127-132.
=600  1\$aTokarczuk, Olga$d(1962- )$xnagrody i wyróżnienia.
=650  \\$aWykłady$zPolska$y1990-.
=655  \\$aEseje polskie$y1990-$vtłumaczenia niemieckie.
=700  1\$aPalmes, Lisa$d(1975- ).$eTłumacz
=710  2\$aKampa Verlag.$eWydawca$4pbl
=916  \\$aTokarczuk, Olga   (1962- )
=918  1\$aPalmes, Lisa$d(1975- ).
=920  \\$a978-3-311-10019-5
=921  2\$aKampa Verlag.
=923  \\$aKampa Verlag.
=955  \\$aEseje polskie$y1990-$vtłumaczenia niemieckie.
  
