=LDR  01151ctm a2200277 i 4500
=001  b0000110052427
=005  20221207141320.5
=008  031031s2003    pl ||||| |||||||| ||pol|d
=009  9913018951105606
=035  \\$aUKSW244270-48omnis_network
=040  \\$aWA 392$cWA 392
=100  1\$aPaczuska, Anna
=245  10$a"Zadomowienie" u Olgi Tokarczuk /$cAnna Paczuska.
=260  \\$aWarszawa,$c2003.
=300  \\$a96 s.; bibliogr.
=500  \\$aPromotor: ks. prof. dr hab. Henryk Seweryniak.
=502  \\$aPraca magisterska. Seminarium: Teologia fundamentalna, teologia literatury i dialogu religijnego. Uniwersytet Kardynała Stefana Wyszyńskiego Warszawa. Wydział Teologiczny.
=600  1\$aTokarczuk, Olga$d(1962- ).
=650  \4$aLiteratura polska$xhistoria$y20-21 w.
=700  1\$aSeweryniak, Henryk$d(1951- )$ePromotor
=710  2\$aWydział Teologiczny (Uniwersytet Kardynała Stefana Wyszyńskiego ; Warszawa)
=916  \\$aPaczuska, Anna   
=918  1\$aSeweryniak, Henryk$d(1951- )
=921  2\$aWydział Teologiczny (Uniwersytet Kardynała Stefana Wyszyńskiego ; Warszawa)
  
