=LDR  01145ctm a2200277 i 4500
=001  b0000110056232
=005  20221207141320.5
=008  051121s2005    pl ||||| |||||||| ||pol|d
=009  9913020614805606
=035  \\$aUKSW248533-48omnis_network
=040  \\$aWA 392$cWA 392
=100  1\$aSarnacka, Anna.
=245  10$aŚwiaty Olgi Tokarczuk /$cAnna Sarnacka.
=260  \\$aWarszawa,$c2005.
=300  \\$a93 s. ; bibliogr.
=500  \\$aPromotor: ks. prof. dr hab. Henryk Seweryniak.
=502  \\$aPraca magisterska. Seminarium: Teologia fundamentalna, teologia literatury i dialogu religijnego. Uniwersytet Kardynała Stefana Wyszyńskiego Warszawa. Wydział Teologiczny.
=600  1\$aTokarczuk, Olga$d(1962- ).
=650  \4$aLiteratura polska$xhistoria$y20-21 w.
=700  1\$aSeweryniak, Henryk$d(1951- )$ePromotor
=710  2\$aWydział Teologiczny (Uniwersytet Kardynała Stefana Wyszyńskiego ; Warszawa)
=916  \\$aSarnacka, Anna.   
=918  1\$aSeweryniak, Henryk$d(1951- )
=921  2\$aWydział Teologiczny (Uniwersytet Kardynała Stefana Wyszyńskiego ; Warszawa)
  
