=LDR  01129ctm a2200277 i 4500
=001  b0000110066628
=005  20221207141304.4
=008  100118s2007    pl ||||| |||||||| ||pol|d
=009  9913017363405606
=035  \\$aUKSW260852-48omnis_network
=040  \\$aWA 392$cWA 392
=100  1\$aGołyńska, Sylwia.
=245  10$aPrzestrzeń w opowiadaniach Olgi Tokarczuk /$cSylwia Gołyńska.
=260  \\$aWarszawa,$c2007.
=300  \\$a78 k. ; bibliogr.
=500  \\$aPromotor: ks. dr Jerzy Sikora.
=502  \\$aPraca magisterska. Seminarium: Filologia polska. Uniwersytet Kardynała Stefana Wyszyńskiego Warszawa. Wydział Nauk Humanistycznych.
=600  1\$aTokarczuk, Olga$d(1962- ).
=650  \4$aLiteratura polska$xhistoria$y20-21 w.
=700  1\$aSikora, Jerzy$d(1959- )$ePromotor
=710  2\$aWydział Nauk Humanistycznych (Uniwersytet Kardynała Stefana Wyszyńskiego ; Warszawa)
=916  \\$aGołyńska, Sylwia.   
=918  1\$aSikora, Jerzy$d(1959- )
=921  2\$aWydział Nauk Humanistycznych (Uniwersytet Kardynała Stefana Wyszyńskiego ; Warszawa)
  
