=LDR  02329nam#a2200769#i#4500
=001  b0000130043953
=005  20221207141341.3
=008  210623s2020####pl# PL       |0| |0ppoldc
=009  9912965036905606
=020  \\$a9788379323159
=035  \\$aMAK7668911-48omnis_network
=040  \\$aOLSZT W$cOLSZT W
=041  0\$apol
=046  \\$k2020
=080  \\$a06.05
=080  \\$a929-052"19"
=245  00$aNobliści.
=260  \\$aBełchatów :$bP. H. W. Fenix,$c[2020].
=300  \\$a32 strony :$bilustracje, fotografie ;$c28 cm.
=336  \\$aTekst$btxt
=337  \\$aBez urządzenia pośredniczącego$bn
=338  \\$a++$aWolumin$bnc
=380  \\$aKsiążki
=388  1+$a2001-
=600  14$aTokarczuk, Olga$d(1962- )
=600  14$aSzymborska, Wisława$d(1923-2012)
=600  14$aWałęsa, Lech$d(1943- )
=600  14$aHaber, Fritz$d(1868-1934)
=600  14$aMiłosz, Czesław$d(1911-2004)
=600  14$aFrisch, Karl von$d(1886-1982)
=600  14$aFleming, Alexander$d(1881-1955)
=600  14$aBanting, Frederick$d(1891-1941)
=600  14$aEinstein, Albert$d(1879-1955)
=600  14$aSienkiewicz, Henryk$d(1846-1916)
=600  14$aSkłodowska-Curie, Maria$d(1867-1934)
=600  14$aRöntgen, Wilhelm Conrad$d(1845-1923)
=610  24$aMiędzynarodowy Komitet Czerwonego Krzyża
=648  +7$a1901-2000
=650  \4$aNagroda Nobla
=650  \4$aNauka
=650  \4$aLiteratura
=650  \4$aPokojowa Nagroda Nobla
=650  \4$aNaukowe Nagrody Nobla
=650  \4$aLiteracka Nagroda Nobla
=655  \4$aOpracowanie
=658  \\$a++$aHistoria
=710  2\$aP.H.W. Fenix, Przemysław Biniecki$eWydawca
=920  \\$a978-83-7932-315-9
=921  2\$aP.H.W. Fenix, Przemysław Biniecki
=923  \\$aP.H.W. Fenix, Przemysław Biniecki
=931  \\$a06.05
=931  \\$a929-052"19"
=946  \\$k2020
=955  \4$aOpracowanie
=958  \\$a++$aHistoria
=980  \\$aKsiążki
  
