=LDR  02893nam#a2200697uu#4500
=001  b0000130079527
=005  20221207141249.5
=008  150323s2015####pl######r#####000###pol#d
=009  9912987187605606
=015  \\$a2015/03/23
=035  \\$aDZS_052873-48omnis_network
=040  \\$aOLSZT W$cOLSZT W
=041  0\$apol
=245  00$aIII 2015 :$bzakładka WBP.
=300  \\$bDruk kolorowy, dwustronny, złożony na pół
=380  \\$aDruki ulotne
=520  \\$aUlotka-zakładka prezentująca program imprez kulturalnych org. przez WBP w marcu 2015 r.
=600  19$aBykowska-Salczyńska, Alicja
=600  19$aBarański, Marek
=600  19$aCieślak, Adam
=600  19$aKacprzyk, Agnieszka
=600  19$aKantor, Orest
=600  19$aLipnicka, Olga
=600  19$aWesołek, Damian
=600  19$aRafalski, Piotr
=600  19$aBeksiński, Zdzisław$xtwórczość$xmarketing
=600  19$aKokoryn, Barbara$xtwórczość$xwystawy
=600  19$aMurawska, Elżbieta$xtwórczość$xwystawy
=600  19$aRochoń, Marek$xtwórczość$xwystawy
=600  19$aAfeltowicz, Karol$xtwórczość$xwystawy
=600  19$aNowakowski, Marek$xtwórczość$xwystawy
=600  19$aTokarczuk, Olga$xtwórczość$ximprezy
=610  29$aWojewódzka Biblioteka Publiczna (Olsztyn)$ximprezy
=610  29$aWojewódzka Biblioteka Publiczna (Olsztyn). Piątka - Biblioteka Dzieci i Młodzieży$ximprezy
=610  29$aWojewódzka Biblioteka Publiczna (Olsztyn). Dyskusyjny Klub Książki$ximprezy
=650  \9$aBiblioteki publiczne$xwystawy$y2015 r.
=650  \9$aFotografia polska$xwystawy$y2015 r.
=650  \9$aMalarstwo polskie$xwystawy$y2015 r.
=650  \9$aBiblioteki publiczne$ximprezy$y2015 r.
=650  \9$aBiblioteki publiczne$ximprezy$y2015 r.
=651  \9$aOlsztyn$xstary ratusz$ximprezy$y2015 r.
=651  \9$aOlsztyn$xstary ratusz$xwystawy$y2015 r.
=651  \9$aOlsztyn$xstary ratusz$ximprezy$y2015 r.
=651  \9$aOlsztyn$xbibliotekarstwo$ximprezy$y2015 r.
=651  \9$aOlsztyn$xbibliotekarstwo$ximprezy$y2015 r.
=710  2\$aWojewódzka Biblioteka Publiczna im. Emilii Sukertowej-Biedrawiny (Olsztyn)
=902  \\$eu
=915  \\$a2015/03/23
=921  2\$aWojewódzka Biblioteka Publiczna im. Emilii Sukertowej-Biedrawiny (Olsztyn)
=951  \9$aOlsztyn$xstary ratusz$ximprezy$y2015 r.
=951  \9$aOlsztyn$xstary ratusz$xwystawy$y2015 r.
=951  \9$aOlsztyn$xstary ratusz$ximprezy$y2015 r.
=951  \9$aOlsztyn$xbibliotekarstwo$ximprezy$y2015 r.
=951  \9$aOlsztyn$xbibliotekarstwo$ximprezy$y2015 r.
=980  \\$aDruki ulotne
  
