=LDR  04289nam#a2200985uu#4500
=001  b0000130081066
=005  20221207141341.3
=008  151123s2015####pl######r#####000###pol#d
=009  9912980170605606
=015  \\$a2015/11/23
=035  \\$aDZS_056067-48omnis_network
=040  \\$aOLSZT W$cOLSZT W
=041  0\$apol
=245  00$aXI 2015 /$cWojewódzka Biblioteka Publiczna w Olsztynie.
=300  \\$bDruk kolorowy, dwustronny, złożony na pół
=380  \\$aDruki ulotne
=520  \\$aUlotka-zakładka prezentująca program imprez kulturalnych org. przez WBP w listopadzie 2015.
=600  19$aBonowicz, Wojciech
=600  19$aBeśka, Krzysztof$xtwórczość$xmarketing$ximprezy
=600  19$aSzatrawski, Krzysztof Dariusz
=600  19$aBojarska-Waszczuk, Małgorzata
=600  19$aLipnicka, Olga
=600  19$aBykowska-Salczyńska, Alicja
=600  19$aCielecki, Marcin
=600  19$aZdrojkowska, Ewa
=600  19$aWesołek, Damian
=600  19$aMitar, Mladen
=600  19$aGienieczko, Marcin
=600  19$aLesiński, Robert
=600  19$aRamczykowski, Tomasz
=600  19$aPaderewski, Ignacy
=600  19$aHren, Izabela$xtwórczość$xwystawy
=600  19$aTomas, Marja$xtwórczość$xwystawy
=600  19$aTokarczuk, Olga$xtwórczość$xmarketing
=600  19$aMihaljevic, Sandra$xtwórczość$xwystawy
=600  19$aSpringer, Filip$xtwórczość$ximprezy
=600  19$aArendt, Hanna$xtwórczość$ximprezy
=600  19$aTrotta, Margarethe von$xtwórczość$ximprezy
=600  19$aKehlman, Daniel$xtwórczość$ximprezy
=600  19$aBuck, Detlev$xtwórczość$ximprezy
=600  19$aWagner, Maciej$xtwórczość$xwystawy
=600  19$aOmilian, Krzysztof$xtwórczość$xwystawy
=600  19$aOrlińska, Renata$xtwórczość$xwystawy
=600  19$aCichoń-Kamińska, Agnieszka$xtwórczość$xwystawy
=610  29$aWojewódzka Biblioteka Publiczna (Olsztyn). Galeria Stary Ratusz$xzjazdy i konferencje
=610  29$aWojewódzka Biblioteka Publiczna (Olsztyn)$ximprezy
=610  29$aWojewódzka Biblioteka Publiczna (Olsztyn). Muzoteka$ximprezy
=610  29$aWojewódzka Biblioteka Publiczna (Olsztyn). Piątka. Biblioteka Dzieci i Młodzieży$ximprezy
=610  29$aWojewódzka Biblioteka Publiczna (Olsztyn). Galeria Stary Ratusz$xwystawy
=610  29$aWojewódzka Biblioteka Publiczna (Olsztyn). Galeria Stary Ratusz$ximprezy
=611  29$aTydzień Kina Niemieckiego$d(2015 ;$cOlsztyn)
=650  \9$aBiblioteki publiczne$ximprezy$y2015 r.
=650  \9$aGrafika chorwacka$xwystawy$y2015 r.
=650  \9$aLiteratura niemiecka$ximprezy$y2015 r.
=650  \9$aFilm niemiecki$xkonkursy i festiwale$y2015 r.
=650  \9$aPodróżnictwo$ximprezy$y2015 r.
=650  \9$aPowieść polska$xmarketing$ximprezy$y2015 r.
=650  \9$aCzytanie$ximprezy$y2015 r.
=650  \9$aFotografia polska$xkonkursy i festiwale$y2015 r.
=650  \9$aFotografia polska$xwystawy$y2015 r.
=650  \9$aBiblioteki publiczne$xhistoria$xzjazdy i konferencje$y2015 r.
=650  \9$aPublicystyka polska$ximprezy$y2015 r.
=650  \9$aBiblioteki publiczne$xwystawy$y2015 r.
=650  \9$aLiteratura niemiecka$ximprezy$y2015 r.
=650  \9$aSztuka polska$xwystawy$y2015 r.
=650  \9$aFotografia polska$xwystawy$y2015 r.
=650  \9$aPisarze polscy$ximprezy$y2015 r.
=650  \9$aBiblioteki publiczne$xobchody$y2015 r.
=651  \9$aOlsztyn$xstary ratusz$ximprezy$y2015 r.
=651  \9$aOlsztyn$xstary ratusz$xwystawy$y2015 r.
=651  \9$aOlsztyn$xbibliotekarstwo$ximprezy$y2015 r.
=710  2\$aWojewódzka Biblioteka Publiczna im. Emilii Sukertowej-Biedrawiny (Olsztyn)
=902  \\$eu
=915  \\$a2015/11/23
=921  2\$aWojewódzka Biblioteka Publiczna im. Emilii Sukertowej-Biedrawiny (Olsztyn)
=951  \9$aOlsztyn$xstary ratusz$ximprezy$y2015 r.
=951  \9$aOlsztyn$xstary ratusz$xwystawy$y2015 r.
=951  \9$aOlsztyn$xbibliotekarstwo$ximprezy$y2015 r.
=980  \\$aDruki ulotne
  
