=LDR  03036nam#a2200745uu#4500
=001  b0000130086500
=005  20221207141330.7
=008  190527s2019####pl######r#####000###pol#d
=009  9912975841805606
=015  \\$a2019/05/27
=035  \\$aDZS_067352-48omnis_network
=040  \\$aOLSZT W$cOLSZT W
=041  0\$apol
=245  00$a2019.$b[5] /$cWojewódzka Biblioteka Publiczna.
=300  \\$bDruk kolorowy, dwustronny, złożony na pół
=380  \\$aDruki ulotne
=520  \\$aUlotka-zakładka prezentująca program imprez kulturalnych org. przez WBP w maju 2019.
=600  19$aSieniewicz, Małgorzata
=600  19$aGuzewicz, Katarzyna
=600  19$aNadolska, Monika
=600  19$aGotkiewicz, Beata
=600  19$aZdrojkowska, Ewa
=600  19$aAltmajer, Elżbieta
=600  19$aGrzebałkowska, Magdalena
=600  19$aCielecki, Marcin
=600  19$aŁowkiel, Katarzyna
=600  19$aTokarczuk, Olga$xtwórczość$ximprezy
=600  19$aKeller, Anida$xtwórczość$xwystawy
=600  19$aBrodzik, Dominika Paula$xtwórczość$xwystawy
=600  19$aMierzwa, Waldemar
=600  19$aCzerni, Krystyna
=600  19$aBarański, Marek
=600  19$aNurowska, Maria$xtwórczość$ximprezy
=600  19$aWilengowska, Joanna
=610  29$aWojewódzka Biblioteka Publiczna (Olsztyn)$ximprezy
=610  29$aWojewódzka Biblioteka Publiczna (Olsztyn). Galeria Stary Ratusz$xwystawy
=610  29$aWojewódzka Biblioteka Publiczna (Olsztyn). Galeria Stary Ratusz$ximprezy
=610  29$aWojewódzka Biblioteka Publiczna (Olsztyn). Muzoteka$ximprezy
=650  \9$aFotografia polska$xwystawy$y2019 r.
=650  \9$aCzytelnictwo$xw fotografii$xwystawy$y2019 r.
=650  \9$aLiteratura polska$ximprezy$y2019 r.
=650  \9$aBiblioteki publiczne$ximprezy$y2019 r.
=650  \9$aCzytelnictwo$ximprezy$y2019 r.
=650  \9$aCzytelnictwo$xorganizacje$ximprezy$y2019 r.
=650  \9$aPodróżnictwo$ximprezy$y2019 r.
=650  \9$aInformatyka$ximprezy$y2019 r.
=651  \9$aOlsztyn$xstary ratusz$ximprezy$y2019 r.
=651  \9$aOlsztyn$xstary ratusz$xwystawy$y2019 r.
=651  \9$aMrągowo (pow. Ostróda)$xw fotografii$xwystawy$y2019 r.
=651  \9$aOlsztyn$xbibliotekarstwo$ximprezy$y2019 r.
=651  \9$aOlsztyn$xbibliotekarstwo$xwystawy$y2019 r.
=902  \\$eu
=915  \\$a2019/05/27
=951  \9$aOlsztyn$xstary ratusz$ximprezy$y2019 r.
=951  \9$aOlsztyn$xstary ratusz$xwystawy$y2019 r.
=951  \9$aMrągowo (pow. Ostróda)$xw fotografii$xwystawy$y2019 r.
=951  \9$aOlsztyn$xbibliotekarstwo$ximprezy$y2019 r.
=951  \9$aOlsztyn$xbibliotekarstwo$xwystawy$y2019 r.
=980  \\$aDruki ulotne
  
