=LDR  08897ngm#a2201321uu#4500
=001  b0000130086617
=005  20221208143446.7
=008  190621s2019####pl######r#####000###pol#d
=009  9912971907205606
=015  \\$a2019/06/21
=035  \\$aDZS_067618-48omnis_network
=040  \\$aOLSZT W$cOLSZT W
=041  0\$apol
=245  00$aWojciech Ogrodziński - reportaże o książkach.
=260  \\$a[Olsztyn :$bRadio Olsztyn,$c2019].
=300  \\$a1 płyta CD-R :$bdźw. :$c13 cm
=380  \\$aDruki ulotne
=520  \\$aZawiera reportaże lat 1978-1981, 1983, 1996-1999, 2002, 2018 (63 pliki dźwiękowe w formacie mp3): 47 Międzynarodowe Targi Książki we Francji (21:43), Zwierzenia antykwariusza - Wojciech Suświłło (14:19), Spotkania literackie VI (34:16), Peter Ustinow - wypowiedź (15:24), Międzynarodowe Targi Książki w Jerozolimie - rozmowa z Tomaszem Lubieńskim (06:11), Rozmowa z pisarką Ewą Kuryluk (11:20), Rozmowa z Tomaszem Lubieńskim (06:18), Beata Stasińska - wypowiedź (05:37), Magdalena Tulli - książka "W czerwieni" (4:57), Radiowe forum literackie (34:59), Adam Krzemiński - recenzja książki Antonio Lobo Antunesa "Karawele powracają" (5), Jan Gondowicz - recenzja książki Michaela Servin "Deo gratias" (07:47), Krystyna Janda - recenzja książki "Różowe pastylki na uspokojenie" (5:53), Leszek Engelking - recenzja książki Jachyma Topola "Siostra" (5:55), Włodzimierz Kalicki - recenzja książki "Ostatni jeniec wielkiej wojny" (4:44), Rewia książek - jubileusz RO (46:54), Wyprzedaż słów - aukcja książek - cz. 2 (24), Nieznany wiersz Białoszewskiego (5); Rewia książek (45:57), Rewia książek - Edward Cyfus (3:54), Studio Form Dokumentalnych - rozmowa z prof. Marcelim Kosmanem - cz. 1 (30:16), Studio Form Dokumentalnych - rozmowa z prof. Marcelim Kosmanem - (28:36), Literackie spotkanie z T. Willanem i K. Brakonieckim (35:24), Olga Tokarczuk (02:42), Rewia książek (50:58), Radiowe forum literackie II (34:38), Spotkania literackie (34:18), Rewia książek (40:58), Dzień książki (4:43), Spotkania literackie (35:38, 34:23, 35:03) - 3 pliki, Wyprzedaż słów - aukcja książek - cz. 1 (16:58), Książki w plecaku (03:23), Rewia książek - Antykwariat Olsztyn "Powrót do Breitenheide" (07:47), Rewia książek (39:58, 39:46) - 2 pliki, Książki w plecaku (3:57), Rewia książek (42:36, 38:80) - 2 pliki, Książka w plecaku (03:25), Książki w plecaku (03:10, 3:34, 3:11) - 3 pliki, Elżbieta Smoleńska - książka "Achterloo" Friedricha Dürenmatta (7:04), Henryk Grynberg - książka Memorbuch (08:13), Międzynarodowe Targi Książki w Jerozolimie 1997 r. (15:16), Rewia książek (43:08), Rewia książek - ostatnia (41:10), Peter Ustinow we Frankfurcie (8:54), Rozmowa z Gabrielem Meretikiem - książka "Kryptonim Luksemburg" (9:01), Rozmowa z Henrykiem Grynbergiem - lata 90-te (18:27), Rozmowa z Krystyną Koftą - książki pod choinkę - lata 90-te (3:32), Rozmowa z Krystyną Koftą (06:03), Rozmowa z Olgą Tokarczuk (3:06, 4:02, 2:30, 4:05, 4:04) - 5 plików, Rozmowy podczas Międzynarodowych Targów Książki w Jerozolimie 1997 r. (32:18), Tomasz Mirkowicz - Pielgrzymka do Ziemi Świętej (4:49), Tomasz Wołek o Kisielu - Stefanie Kisielewskim (7:05), Zenon Zyburtowicz - książka "Szlachecki (5:48).
=600  19$aZyburtowicz, Zenon$xdokument dźwiękowy
=600  19$aOgrodziński, Wojciech$xdokument dźwiękowy
=600  19$aWołek, Tomasz$xdokument dźwiękowy
=600  19$aMirkowicz, Tomasz$xdokument dźwiękowy
=600  19$aKofta, Krystyna$xdokument dźwiękowy
=600  19$aTokarczuk, Olga$xdokument dźwiękowy
=600  19$aKisielewski, Stefan$xdokument dźwiękowy
=600  19$aWillan, Tadeusz$xdokument dźwiękowy
=600  19$aSmoleńska, Elżbieta$xdokument dźwiękowy
=600  19$aDürrenmatt, Friedrich$xdokument dźwiękowy
=600  19$aGrynberg, Henryk$xdokument dźwiękowy
=600  19$aKowalewski, Włodzimierz$xdokument dźwiękowy
=600  19$aBrakoniecki, Kazimierz$xdokument dźwiękowy
=600  19$aMeretik, Gabriel$xdokument dźwiękowy
=600  19$aKosman, Marceli$xdokument dźwiękowy
=600  19$aBiałoszewski Miron$xdokument dźwiękowy
=600  19$aSuświłło, Wojciech$xdokument dźwiękowy
=600  19$aTulli, Magdalena$xdokument dźwiękowy
=600  19$aLubiński, Tomasz$xdokument dźwiękowy
=600  19$aStasińska, Beata$xdokument dźwiękowy
=600  19$aKuryluk, Ewa$xdokument dźwiękowy
=600  19$aServin, Michael$xdokument dźwiękowy
=600  19$aAntunes, Antonio Lobo$xdokument dźwiękowy
=600  19$aJanda, Krystyna$xdokument dźwiękowy
=600  19$aTopol, Jachym$xdokument dźwiękowy
=600  19$aEngelking, Leszek$xdokument dźwiękowy
=600  19$aKrzemiński, Adam$xdokument dźwiękowy
=600  19$aGondowicz, Jan$xdokument dźwiękowy
=600  19$aUstinow, Peter$xdokument dźwiękowy
=611  29$aMiędzynarodowe Targi Książki$d(1997 ;$cJerozolima)$xdokument dźwiękowy
=650  \9$aReportaż radiowy$xdokument dźwiękowy$y1997 r.
=650  \9$aRadiofonia$xobchody$xdokument dźwiękowy$y2018 r.
=650  \9$aKsiążka$xtargi i wystawy$xdokument dźwiękowy$y1997 r.
=650  \9$aKsiążka$xtargi i wystawy$xdokument dźwiękowy$y1996 r.
=650  \9$aReportaż radiowy$xdokument dźwiękowy$y1990 r.
=650  \9$aReportaż radiowy$xdokument dźwiękowy$y1980 r.
=650  \9$aReportaż radiowy$xdokument dźwiękowy$y1981 r.
=650  \9$aReportaż radiowy$xdokument dźwiękowy$y1986 r.
=650  \9$aReportaż radiowy$xdokument dźwiękowy$y1983 r.
=650  \9$aReportaż radiowy$xdokument dźwiękowy$y1979 r.
=650  \9$aReportaż radiowy$xdokument dźwiękowy$y1978 r.
=650  \9$aReportaż radiowy$xdokument dźwiękowy$y1998 r.
=650  \9$aAudycje radiowe$xdokument dźwiękowy$y2018 r.
=650  \9$aAudycje radiowe$xdokument dźwiękowy$y1980 r.
=650  \9$aReportaż radiowy$xdokument dźwiękowy$y1999 r.
=650  \9$aKsiążka$xdokument dźwiękowy$y2018 r.
=650  \9$aAudycje radiowe$xdokument dźwiękowy$y2002 r.
=650  \9$aAudycje radiowe$xdokument dźwiękowy$y1997 r.
=650  \9$aAudycje radiowe$xdokument dźwiękowy$y1999 r.
=650  \9$aAudycje radiowe$xdokument dźwiękowy$y1998 r.
=650  \9$aAudycje radiowe$xdokument dźwiękowy$y1978 r.
=650  \9$aAudycje radiowe$xdokument dźwiękowy$y1979 r.
=650  \9$aAudycje radiowe$xdokument dźwiękowy$y1983 r.
=650  \9$aAudycje radiowe$xdokument dźwiękowy$y1986 r.
=650  \9$aAudycje radiowe$xdokument dźwiękowy$y1981 r.
=651  \9$aOlsztyn$xmedia$xdokument dźwiękowy$y1980 r.
=651  \9$aOlsztyn$xmedia$xdokument dźwiękowy$y1981 r.
=651  \9$aOlsztyn$xmedia$xdokument dźwiękowy$y1986 r.
=651  \9$aOlsztyn$xmedia$xdokument dźwiękowy$y1983 r.
=651  \9$aOlsztyn$xmedia$xdokument dźwiękowy$y2002 r.
=651  \9$aOlsztyn$xmedia$xdokument dźwiękowy$y2018 r.
=651  \9$aOlsztyn$xmedia$xdokument dźwiękowy$y1979 r.
=651  \9$aOlsztyn$xmedia$xdokument dźwiękowy$y1978 r.
=651  \9$aOlsztyn$xmedia$xdokument dźwiękowy$y1998 r.
=651  \9$aOlsztyn$xmedia$xdokument dźwiękowy$y1999 r.
=651  \9$aOlsztyn$xmedia$xdokument dźwiękowy$y1997 r.
=651  \9$aOlsztyn$xmedia$xdokument dźwiękowy$y2002 r.
=651  \9$aOlsztyn$xmedia$xdokument dźwiękowy$y2018 r.
=700  1\$aOgrodziński, Wojciech
=710  2\$aRadio Olsztyn
=915  \\$a2019/06/21
=918  1\$aOgrodziński, Wojciech
=921  2\$aRadio Olsztyn
=951  \9$aOlsztyn$xmedia$xdokument dźwiękowy$y1980 r.
=951  \9$aOlsztyn$xmedia$xdokument dźwiękowy$y1981 r.
=951  \9$aOlsztyn$xmedia$xdokument dźwiękowy$y1986 r.
=951  \9$aOlsztyn$xmedia$xdokument dźwiękowy$y1983 r.
=951  \9$aOlsztyn$xmedia$xdokument dźwiękowy$y2002 r.
=951  \9$aOlsztyn$xmedia$xdokument dźwiękowy$y2018 r.
=951  \9$aOlsztyn$xmedia$xdokument dźwiękowy$y1979 r.
=951  \9$aOlsztyn$xmedia$xdokument dźwiękowy$y1978 r.
=951  \9$aOlsztyn$xmedia$xdokument dźwiękowy$y1998 r.
=951  \9$aOlsztyn$xmedia$xdokument dźwiękowy$y1999 r.
=951  \9$aOlsztyn$xmedia$xdokument dźwiękowy$y1997 r.
=951  \9$aOlsztyn$xmedia$xdokument dźwiękowy$y2002 r.
=951  \9$aOlsztyn$xmedia$xdokument dźwiękowy$y2018 r.
=980  \\$aDruki ulotne
  
