=LDR  05126ngm#a2200901uu#4500
=001  b0000130086628
=005  20221207141249.5
=008  190622s2019####pl######r#####000###pol#d
=009  9912985369305606
=015  \\$a2019/06/22
=035  \\$aDZS_067646-48omnis_network
=040  \\$aOLSZT W$cOLSZT W
=041  0\$apol
=245  00$aWojciech Ogrodziński - wieczory autorskie.
=260  \\$a[Olsztyn :$bRadio Olsztyn,$c2019].
=300  \\$a1 płyta CD-R :$bdźw. :$c13 cm
=380  \\$aDruki ulotne
=520  \\$aZawiera nagrania z lat 1997-2002 (22 pliki dźwiękowe w formacie mp3): Wieczór autorski Jerzego Stefana Stawińskiego (24:50), Wieczór autorski Mieczysława Pawlikowskiego, Jerzego Janickiego, Andrzeja Mularczyka (53:19), Wieczór autorski Zbigniewa Kruszyńskiego, Tomasza Raczka, Tadeusza Kijańskiego (29:23), Wieczór autorski Krystyny Kofty, Małgorzaty Domagalik (23:15), Wieczór autorski Manueli Gretkowskiej (52:34), Wieczór autorski Tadeusza Różewicza (24:22), Wieczór autorski Joanny Siedleckiej (55:07), Wieczór autorski Andrzeja Stojowskiego (53:57), Wieczór autorski Piotra Piaszczyńskiego (37:32), Wieczór autorski Rolanda Topora (55:16), Wieczór autorski Williama Whartona (54:39), Wieczór autorski Bogdana Urbankowskiego (55:28), Wieczór autorski Adama Zagajewskiego (54:24), Wieczór autorski Krystyny Jandy (54:07), Wieczór autorski Manueli Gretkowskiej (55:37), Wieczór autorski Andrzeja Stojowskiego (54:35), Wieczór autorski Włodzimierza Kowalewskiego (25:05), Wieczór autorski Olgi Tokarczuk (56:13), Wieczór autorski Marka Barańskiego (46:36), Spotkanie z Włodzimierzem Kowalewskim (17:42), Wieczór autorski Władysława Bartoszewskiego (24:44).
=600  19$aTopor, Roland$xdokument dźwiękowy
=600  19$aOgrodziński, Wojciech$xdokument dźwiękowy
=600  19$aRaczek, Tomasz$xdokument dźwiękowy
=600  19$aMularczyk, Andrzej$xdokument dźwiękowy
=600  19$aJanicki, Jerzy$xdokument dźwiękowy
=600  19$aBarański, Marek$xdokument dźwiękowy
=600  19$aPiaszczyński, Piotr$xdokument dźwiękowy
=600  19$aUrbankowski, Bogdan$xdokument dźwiękowy
=600  19$aZagajewski, Adam$xdokument dźwiękowy
=600  19$aJanda, Krystyna$xdokument dźwiękowy
=600  19$aGretkowska, Manuela$xdokument dźwiękowy
=600  19$aTokarczuk, Olga$xdokument dźwiękowy
=600  19$aWharton, William$xdokument dźwiękowy
=600  19$aKijański, Tadeusz$xdokument dźwiękowy
=600  19$aBartoszewski, Władysław$xdokument dźwiękowy
=600  19$aKofta, Krystyna$xdokument dźwiękowy
=600  19$aStojowski, Andrzej$xdokument dźwiękowy
=600  19$aSiedlecka, Joanna$xdokument dźwiękowy
=600  19$aRóżewicz, Tadeusz$xdokument dźwiękowy
=600  19$aGretkowska, Manuela$xdokument dźwiękowy
=600  19$aDomagalik, Małgorzata$xdokument dźwiękowy
=600  19$aKruszyński, Zbigniew$xdokument dźwiękowy
=600  19$aPawlikowski, Mieczysław$xdokument dźwiękowy
=600  19$aStawiński, Stefan$xdokument dźwiękowy
=650  \9$aAudycje radiowe$xdokument dźwiękowy$y1997 r.
=650  \9$aPisarze polscy$xbiografie$xdokument dźwiękowy$y1997 r.
=650  \9$aPisarze polscy$xbiografie$xdokument dźwiękowy$y2002 r.
=650  \9$aPisarze polscy$xbiografie$xdokument dźwiękowy$y2001 r.
=650  \9$aPisarze polscy$xbiografie$xdokument dźwiękowy$y2000 r.
=650  \9$aPisarze polscy$xbiografie$xdokument dźwiękowy$y1999 r.
=650  \9$aPisarze amerykańscy$xbiografie$xdokument dźwiękowy$y1999 r.
=650  \9$aAudycje radiowe$xdokument dźwiękowy$y1998 r.
=650  \9$aAudycje radiowe$xdokument dźwiękowy$y1999 r.
=650  \9$aAudycje radiowe$xdokument dźwiękowy$y2000 r.
=650  \9$aAudycje radiowe$xdokument dźwiękowy$y2001 r.
=650  \9$aAudycje radiowe$xdokument dźwiękowy$y2002 r.
=650  \9$aPisarze francuscy$xbiografie$xdokument dźwiękowy$y1998 r.
=651  \9$aOlsztyn$xmedia$xdokument dźwiękowy$y2001 r.
=651  \9$aOlsztyn$xmedia$xdokument dźwiękowy$y1997 r.
=651  \9$aOlsztyn$xmedia$xdokument dźwiękowy$y1998 r.
=651  \9$aOlsztyn$xmedia$xdokument dźwiękowy$y2000 r.
=651  \9$aOlsztyn$xmedia$xdokument dźwiękowy$y2002 r.
=700  1\$aOgrodziński, Wojciech
=710  2\$aRadio Olsztyn
=915  \\$a2019/06/22
=918  1\$aOgrodziński, Wojciech
=921  2\$aRadio Olsztyn
=951  \9$aOlsztyn$xmedia$xdokument dźwiękowy$y2001 r.
=951  \9$aOlsztyn$xmedia$xdokument dźwiękowy$y1997 r.
=951  \9$aOlsztyn$xmedia$xdokument dźwiękowy$y1998 r.
=951  \9$aOlsztyn$xmedia$xdokument dźwiękowy$y2000 r.
=951  \9$aOlsztyn$xmedia$xdokument dźwiękowy$y2002 r.
=980  \\$aDruki ulotne
  
