=LDR  02165nam#a2200457uu#4500
=001  b0000130089499
=005  20221207141330.7
=008  201008s2019####pl######r#####000###pol#d
=009  9912980963205606
=015  \\$a2020/10/08
=035  \\$aDZS_073733-48omnis_network
=040  \\$aOLSZT W$cOLSZT W
=041  0\$apol
=110  2\$aWojewódzka Biblioteka Publiczna im. Emilii Sukertowej-Biedrawiny (Olsztyn)
=245  00$aLubisz czytać, rozmawiać o książkach, kulturze i dzielić się swoimi wrażeniami? :$bomawiamy książkę Olgi Tokarczuk "Prawiek i inne czasy" /$cDyskusyjny Klub Książki, Wojewódzka Biblioteka Publiczna w Olsztynie, Instytut Książki.
=260  \\$aOlsztyn ;$aWarszawa :$bDyskusyjny Klub Książki ;$bWojewódzka Biblioteka Publiczna ;$bInstytut Książki,$c2019.
=300  \\$a[1] k. ;$bDruk kolorowy, jednostronny$c30x42 cm.
=380  \\$aDruki ulotne
=520  \\$aPlakat imprezy zreal. 08.05.2019 r. przez DKK w Pokoju z Widokiem w Starym Ratuszu WBP w Olsztynie w ramach Narodowego Programu Rozwoju Czytelnictwa. Prowadzenie: K. Guzewicz i M. Nadolna.
=600  19$aGuzewicz, Katarzyna
=600  19$aTokarczuk, Olga$xtwórczość$ximprezy
=610  29$aWojewódzka Biblioteka Publiczna (Olsztyn). Dyskusyjny Klub Książki$ximprezy
=650  \9$aCzytelnictwo$xorganizacje$ximprezy$y2019 r.
=650  \9$aCzytelnictwo$xmarketing$ximprezy$y2019 r.
=650  \9$aPowieść polska$ximprezy$y2019 r.
=651  \9$aOlsztyn$xbibliotekarstwo$ximprezy$y2019 r.
=655  \9$aPlakat polski$y2019 r.
=710  2\$aInstytut Książki (Warszawa)
=902  \\$eu
=915  \\$a2020/10/08
=921  2\$aInstytut Książki (Warszawa)
=922  \\$aWojewódzka Biblioteka Publiczna im. Emilii Sukertowej-Biedrawiny (Olsztyn) 
=951  \9$aOlsztyn$xbibliotekarstwo$ximprezy$y2019 r.
=955  \9$aPlakat polski$y2019 r.
=980  \\$aDruki ulotne
  
