=LDR  02908nam#a2200577uu#4500
=001  b0000130091179
=005  20221207141341.3
=008  201215s2014####pl######r#####000###pol#d
=009  9912991831305606
=015  \\$a2020/12/15
=035  \\$aDZS_077626-48omnis_network
=040  \\$aOLSZT W$cOLSZT W
=041  0\$apol
=110  2\$aWojewódzka Biblioteka Publiczna im. Emilii Sukertowej-Biedrawiny (Olsztyn)
=245  00$aWystawa: "Literatura polska w przekładach na języki obce" :$bkolekcja książek z Programu Translatorskiego Poland : prezentacja w gablotach /$cWojewódzka Biblioteka Publiczna w Olsztynie.
=260  \\$aOlsztyn :$bWojewódzka Biblioteka Publiczna,$c2014.
=300  \\$a[1] k. ;$bDruk kolorowy, jednostronny$c30x42 cm.
=380  \\$aDruki ulotne
=504  \\$aZawiera opis wystawy i Programu Translatorskiego Instytutu Książki
=520  \\$aPlakat wystawy zreal. 03-13.02.2014 r. w Galerii Stary Ratusz WBP w Olsztynie (ul. Stare Miasto 33). Prezentacja przekładów literatury polskiej na języki obce dokonanych w ramach Programu Translatorskiego Poland Instytutu Książki, połączona z projekcją filmów-rozmów z tłumaczami literatury polskiej.
=600  19$aTokarczuk, Olga$xtwórczość$xprzekłady
=600  19$aMiłosz, Czesław$xtwórczość$xprzekłady
=600  19$aKapuściński, Ryszard$xtwórczość$xprzekłady
=600  19$aHerbert, Zbigniew$xtwórczość$xprzekłady
=600  19$aGombrowicz, Witold$xtwórczość$xprzekłady
=600  19$aWitkowski, Michał$xtwórczość$xprzekłady
=600  19$aBator, Joanna$xtwórczość$xprzekłady
=600  19$aChutnik, Sylwia$xtwórczość$xprzekłady
=600  19$aMasłowska, Dorota$xtwórczość$xprzekłady
=610  29$aWojewódzka Biblioteka Publiczna (Olsztyn). Galeria Stary Ratusz$xwystawy
=650  \9$aDokumenty audiowizualne$xwystawy$y2014 r.
=650  \9$aLiteratura polska$xprzekłady$xwystawy$y2014 r.
=650  \9$aBiblioteki publiczne$xwystawy$y2014 r.
=651  \9$aOlsztyn$xbibliotekarstwo$xwystawy$y2014 r.
=651  \9$aOlsztyn$xliteratura$xprzekłady$xwystawy$y2014 r.
=651  \9$aOlsztyn$xfilm$xzbiory$xwystawy$y2014 r.
=655  \9$aPlakat polski$y2014 r.
=902  \\$eu
=915  \\$a2020/12/15
=922  \\$aWojewódzka Biblioteka Publiczna im. Emilii Sukertowej-Biedrawiny (Olsztyn) 
=951  \9$aOlsztyn$xbibliotekarstwo$xwystawy$y2014 r.
=951  \9$aOlsztyn$xliteratura$xprzekłady$xwystawy$y2014 r.
=951  \9$aOlsztyn$xfilm$xzbiory$xwystawy$y2014 r.
=955  \9$aPlakat polski$y2014 r.
=980  \\$aDruki ulotne
  
