=LDR  10646nam#a2202125uu#4500
=001  b0000130091650
=005  20221207141259.5
=008  210315s2015####pl######r#####000###pol#d
=009  9912959858705606
=015  \\$a2021/03/15
=035  \\$aDZS_079197-48omnis_network
=040  \\$aOLSZT W$cOLSZT W
=041  0\$apol
=110  2\$aWojewódzka Biblioteka Publiczna im. Emilii Sukertowej-Biedrawiny (Olsztyn)
=245  00$aIII/2015 :$bkalendarium WBP : z cyklu lektura na cztery pory roku: Marek Barański, redaktor "Gazety Olsztyńskiej" poleca książkę "Zdzisław Beksiński. List[y] do Jerzego Lewczyńskiego" /$cWojewódzka Biblioteka Publiczna w Olsztynie.
=260  \\$aOlsztyn :$bWojewódzka Biblioteka Publiczna,$c2015.
=300  \\$a[1] k. ;$bDruk kolorowy, jednostronny$c28x42 cm.
=380  \\$aDruki ulotne
=520  \\$aPlakat-kalendarium imprez zorg. przez WBP w Olsztynie w marcu 2015 r.
=600  19$aTokarczuk, Olga$xtwórczość$ximprezy
=600  19$aRafalski, Piotr
=600  19$aBykowska-Salczyńska, Alicja$xtwórczość$ximprezy
=600  19$aBarfüss, Lucas$xtwórczość$ximprezy
=600  19$aBeksiński, Zdzisław$xtwórczość$xmarketing
=600  19$aKrukowski, Wacław$xzbiory$xwystawy
=600  19$aKokoryn, Barbara$xtwórczość$xwystawy
=600  19$aMurawska, Elżbieta$xtwórczość$xwystawy
=600  19$aRochoń, Magdalena$xtwórczość$xwystawy
=600  19$aAfeltowicz, Karol$xtwórczość$xwystawy
=600  19$aNowakowski, Marek$xtwórczość$xwystawy
=600  19$aAndersen, Hans Christian$xtwórczość$xinscenizacje
=600  19$aBarański, Marek
=600  19$aLewczyński, Jerzy
=600  19$aLipnicka, Olga
=600  19$aWesołek, Damian
=600  19$aCieślak, Adam
=600  19$aPrzybora, Jeremi$xtwórczość$xwystawy
=600  19$aTupieka-Buszmak, Alicja
=600  19$aBrzezin, Gustaw Marek
=600  19$aKuczko, Anna
=600  19$aPałkowski, Czesław
=600  19$aBłażewicz, Henryk
=600  19$aDobkowska, Anna
=600  19$aGębicki, Tadeusz
=600  19$aPieckowska, Janina
=600  19$aZakrzewski, Zdzisław
=600  19$aSzatrawski, Krzysztof D.
=600  19$aStrauss, Johann (ojciec)$xtwórczość$xwystawy
=600  19$aStrauss, Johann (ojciec)$xtwórczość$ximprezy
=600  19$aStrauss, Johann (syn)$xtwórczość$xwystawy
=600  19$aEllington, Duke$xtwórczość$ximprezy
=610  29$aWojewódzka Biblioteka Publiczna (Olsztyn)$xkonkursy i festiwale
=610  29$aWojewódzka Biblioteka Publiczna (Olsztyn)$xprojekty
=610  29$aWojewódzka Biblioteka Publiczna (Olsztyn). Piątka - Biblioteka Dzieci i Młodzieży$ximprezy
=610  29$aWojewódzka Biblioteka Publiczna (Olsztyn). Galeria Stary Ratusz$xwystawy
=610  29$aWojewódzka Biblioteka Publiczna (Olsztyn). Galeria Stary Ratusz$ximprezy
=610  29$aWojewódzka Biblioteka Publiczna (Olsztyn). Stary Ratusz$xwystawy
=610  29$aWojewódzka Biblioteka Publiczna (Olsztyn). Stary Ratusz$ximprezy
=610  29$aWojewódzka Biblioteka Publiczna (Olsztyn). Czytelnia$xwystawy
=610  29$aWojewódzka Biblioteka Publiczna (Olsztyn). Czytelnia$ximprezy
=610  29$aWojewódzka Biblioteka Publiczna (Olsztyn). Dyskusyjny Klub Książki$ximprezy
=610  29$aWojewódzka Biblioteka Publiczna (Olsztyn). Wypożyczalnia$xwystawy
=610  29$aWojewódzka Biblioteka Publiczna (Olsztyn). Muzoteka$ximprezy
=610  29$aWojewódzka Biblioteka Publiczna (Olsztyn)$xwydawnictwa$xmarketing
=610  29$aWojewódzka Biblioteka Publiczna (Olsztyn). Muzoteka$xwystawy
=610  29$aWojewódzka Biblioteka Publiczna (Olsztyn). Wypożyczalnia$ximprezy
=610  29$aPunkt Informacji Europejskiej Europe Direct (Olsztyn)$xprojekty
=610  29$aWarmińsko-Mazurska Izba Rolnicza (Olsztyn)$xprojekty
=610  29$aGoethe-Institut (Warszawa)$ximprezy$xmarketing
=610  29$aInstytut Książki (Warszawa)$xprojekty
=610  29$aUrząd Marszałkowski (Olsztyn)$xprojekty
=610  29$aWarmińsko-Mazurski Ośrodek Doskonalenia Nauczycieli (Olsztyn)$xkonkursy i festiwale$xmarketing
=610  29$aTowarzystwo Naukowe im. Wojciecha Kętrzyńskiego (Olsztyn). Komisja Badań Kultury Warmii i Mazur$xkonkursy i festiwale$xmarketing
=610  29$aUniwersytet Warmińsko-Mazurski (Olsztyn). Wydział Sztuki. Instytut Muzyki$xprojekty
=650  \9$aBajka i baśń$xwystawy$y2015 r.
=650  \9$aKompozytorzy austriaccy$xtwórczość$ximprezy$y2015 r.
=650  \9$aKompozytorzy austriaccy$xtwórczość$xwystawy$y2015 r.
=650  \9$aKompozytorzy amerykańscy$xtwórczość$ximprezy$y2015 r.
=650  \9$aZbiory biblioteczne$xwystawy$y2015 r.
=650  \9$aProjekt socjalny$xkonkursy i festiwale$y2015 r.
=650  \9$aGenealogia$xkonkursy i festiwale$y2015 r.
=650  \9$aDeklaracje podatkowe$ximprezy$y2015 r.
=650  \9$aPocztówki$xwystawy$y2015 r.
=650  \9$aMalarstwo polskie$xwystawy$y2015 r.
=650  \9$aFotografia polska$xwystawy$y2015 r.
=650  \9$aBajka i baśń$ximprezy$y2015 r.
=650  \9$aMuzyka rozrywkowa$ximprezy$y2015 r.
=650  \9$aArtyści kabaretowi polscy$xtwórczość$xwystawy$y2015 r.
=650  \9$aKomiksy$ximprezy$y2015 r.
=650  \9$aKomiksy$xzbiory$xwystawy$y2015 r.
=650  \9$aLiteratura dziecięca duńska$xinscenizacje$y2015 r.
=650  \9$aLiteratura niemiecka$xmarketing$ximprezy$y2015 r.
=650  \9$aLiteratura polska$xmarketing$ximprezy$y2015 r.
=650  \9$aKabaret polski$ximprezy$y2015 r.
=650  \9$aFilm niemiecki$ximprezy$y2015 r.
=650  \9$aZbiory muzyczne$xwystawy$y2015 r.
=650  \9$aBajka słowno-muzyczna$ximprezy$y2015 r.
=650  \9$aOśrodki informacji europejskiej$xprojekty$y2015 r.
=650  \9$aBiblioteki publiczne$xkonkursy i festiwale$y2015 r.
=650  \9$aGenealogia$ximprezy$y2015 r.
=650  \9$aBajka i baśń$xprojekty$y2015 r.
=650  \9$aDomy pomocy społecznej$ximprezy$xmarketing$y2015 r.
=650  \9$aRolnictwo$xorganizacje$xprojekty$y2015 r.
=650  \9$aInstytucje kultury$ximprezy$xmarketing$y2015 r.
=650  \9$aGry i zabawy dziecięce$ximprezy$y2015 r.
=650  \9$aCzas wolny od pracy ucznia$ximprezy$y2015 r.
=650  \9$aLekcje biblioteczne$y2015 r.
=650  \9$aKsiążki elektroniczne$xzbiory$xudostępnianie$y2015 r.
=650  \9$aKluby$ximprezy$y2015 r.
=650  \9$aCzytelnictwo$xmarketing$ximprezy$y2015 r.
=650  \9$aSamorząd terytorialny$xprojekty$y2015 r.
=650  \9$aSerie wydawnicze$xmarketing$y2015 r.
=650  \9$aBiblioteki publiczne$xwydawnictwa$xmarketing$y2015 r.
=650  \9$aBiblioteki publiczne$xprojekty$y2015 r.
=650  \9$aBiblioteki publiczne$ximprezy$y2015 r.
=650  \9$aBiblioteki publiczne$xzbiory$xwystawy$y2015 r.
=650  \9$aBiblioteki publiczne$xwystawy$y2015 r.
=650  \9$aInstytuty naukowe$xkonkursy i festiwale$xmarketing$y2015 r.
=650  \9$aSzkolnictwo wyższe$xprojekty$y2015 r.
=650  \9$aNauczyciele$xorganizacje$xkonkursy i festiwale$xmarketing$y2015 r.
=651  \9$aOlsztyn$xliteratura$xprojekty$y2015 r.
=651  \9$aOlsztyn$xliteratura$xzbiory$xwystawy$y2015 r.
=651  \9$aOlsztyn$xliteratura$xmarketing$ximprezy$y2015 r.
=651  \9$aOlsztyn$xsamorząd$xprojekty$y2015 r.
=651  \9$aOlsztyn$xnauka$xinstytuty$xkonkursy i festiwale$xmarketing$y2015 r.
=651  \9$aOlsztyn$xszkolnictwo i oświata$xkonkursy i festiwale$xmarketing$y2015 r.
=651  \9$aOlsztyn$xszkolnictwo wyższe$xprojekty$y2015 r.
=651  \9$aOlsztyn$xbibliotekarstwo$xkonkursy i festiwale$y2015 r.
=651  \9$aOlsztyn$xbibliotekarstwo$xwydawnictwa$xmarketing$y2015 r.
=651  \9$aOlsztyn$xsztuka$xwystawy$y2015 r.
=651  \9$aOlsztyn$xbibliotekarstwo$ximprezy$y2015 r.
=651  \9$aOlsztyn$xbibliotekarstwo$xzbiory$xwystawy$y2015 r.
=651  \9$aOlsztyn$xbibliotekarstwo$xwystawy$y2015 r.
=651  \9$aWarszawa$xkultura$xinstytuty$ximprezy$xmarketing$y2015 r.
=651  \9$aWarmia i Mazury$xludność$xgenealogia$xkonkursy i festiwale$y2015 r.
=651  \9$aOlsztyn$xopieka społeczna$ximprezy$xmarketing$y2015 r.
=651  \9$aOlsztyn$xbibliotekarstwo$xprojekty$y2015 r.
=651  \9$aOlsztyn$xfinanse$xadministracja$xprojekty$y2015 r.
=651  \9$aOlsztyn$xfinanse$ximprezy$y2015 r.
=651  \9$aOlsztyn$xteatr$ximprezy$y2015 r.
=651  \9$aOlsztyn$xsocjologia$xprojekty$y2015 r.
=651  \9$aOlsztyn$xfilm$ximprezy$y2015 r.
=651  \9$aOlsztyn$xsztuka$ximprezy$y2015 r.
=651  \9$aOlsztyn$xmuzyka$ximprezy$y2015 r.
=655  \9$aPlakat polski$y2015 r.
=902  \\$eu
=915  \\$a2021/03/15
=922  \\$aWojewódzka Biblioteka Publiczna im. Emilii Sukertowej-Biedrawiny (Olsztyn) 
=951  \9$aOlsztyn$xliteratura$xprojekty$y2015 r.
=951  \9$aOlsztyn$xliteratura$xzbiory$xwystawy$y2015 r.
=951  \9$aOlsztyn$xliteratura$xmarketing$ximprezy$y2015 r.
=951  \9$aOlsztyn$xsamorząd$xprojekty$y2015 r.
=951  \9$aOlsztyn$xnauka$xinstytuty$xkonkursy i festiwale$xmarketing$y2015 r.
=951  \9$aOlsztyn$xszkolnictwo i oświata$xkonkursy i festiwale$xmarketing$y2015 r.
=951  \9$aOlsztyn$xszkolnictwo wyższe$xprojekty$y2015 r.
=951  \9$aOlsztyn$xbibliotekarstwo$xkonkursy i festiwale$y2015 r.
=951  \9$aOlsztyn$xbibliotekarstwo$xwydawnictwa$xmarketing$y2015 r.
=951  \9$aOlsztyn$xsztuka$xwystawy$y2015 r.
=951  \9$aOlsztyn$xbibliotekarstwo$ximprezy$y2015 r.
=951  \9$aOlsztyn$xbibliotekarstwo$xzbiory$xwystawy$y2015 r.
=951  \9$aOlsztyn$xbibliotekarstwo$xwystawy$y2015 r.
=951  \9$aWarszawa$xkultura$xinstytuty$ximprezy$xmarketing$y2015 r.
=951  \9$aWarmia i Mazury$xludność$xgenealogia$xkonkursy i festiwale$y2015 r.
=951  \9$aOlsztyn$xopieka społeczna$ximprezy$xmarketing$y2015 r.
=951  \9$aOlsztyn$xbibliotekarstwo$xprojekty$y2015 r.
=951  \9$aOlsztyn$xfinanse$xadministracja$xprojekty$y2015 r.
=951  \9$aOlsztyn$xfinanse$ximprezy$y2015 r.
=951  \9$aOlsztyn$xteatr$ximprezy$y2015 r.
=951  \9$aOlsztyn$xsocjologia$xprojekty$y2015 r.
=951  \9$aOlsztyn$xfilm$ximprezy$y2015 r.
=951  \9$aOlsztyn$xsztuka$ximprezy$y2015 r.
=951  \9$aOlsztyn$xmuzyka$ximprezy$y2015 r.
=955  \9$aPlakat polski$y2015 r.
=980  \\$aDruki ulotne
  
