=LDR  08565nam#a2201753uu#4500
=001  b0000130092525
=005  20221207141259.5
=008  210416s2019####pl######r#####000###pol#d
=009  9912945044405606
=015  \\$a2021/04/16
=035  \\$aDZS_081318-48omnis_network
=040  \\$aOLSZT W$cOLSZT W
=041  0\$apol
=110  2\$aWojewódzka Biblioteka Publiczna im. Emilii Sukertowej-Biedrawiny (Olsztyn)
=245  00$aMaj 2019 w WBP Olsztyn :$b[kalendarium imprez] : z cyklu "Nowości regionalne" polecamy książkę: "Bajki mazurskie" wybór Ewa Sotomska /$cWojewódzka Biblioteka Publiczna w Olsztynie.
=260  \\$aOlsztyn :$bWojewódzka Biblioteka Publiczna,$c2019.
=300  \\$a[1] k. ;$bil. ;$bDruk kolorowy, jednostronny$c30x42 cm.
=380  \\$aDruki ulotne
=520  \\$aPlakat-kalendarium imprez zorg. przez WBP w Olsztynie w maju 2019 r. Zawiera listę książek nominowanych do Wawrzynu - Literackiej Nagrody Warmii i Mazur 2018 oraz informację o terminie głosowania do 22.05.
=600  19$aNowosielski, Jerzy$ximprezy
=600  19$aNowosielski, Jerzy$xtwórczość$ximprezy
=600  19$aTokarczuk, Olga$xtwórczość$ximprezy
=600  19$aNurowska, Maria$xtwórczość$ximprezy
=600  19$aDąbrowska, Justyna$xtwórczość$ximprezy
=600  19$aSotomska, Ewa$xtwórczość$ximprezy
=600  19$aCzerni, Krystyna$xtwórczość$ximprezy
=600  19$aGrzebałkowska, Magdalena$xtwórczość$ximprezy
=600  19$aMierzwa, Waldemar$xtwórczość$ximprezy
=600  19$aBorkowski, Wojciech Hieronymus$xtwórczość$xmarketing
=600  19$aJanowski, Antoni$xtwórczość$xmarketing
=600  19$aMatysiak, Anna$xtwórczość$xmarketing
=600  19$aOstaszewicz, Kazimierz$xtwórczość$xmarketing
=600  19$aBochus, Krzysztof$xtwórczość$xmarketing
=600  19$aWilengowska, Joanna
=600  19$aBarański, Marek
=600  19$aZdrojkowska, Ewa
=600  19$aBrodzik, Dominika Paula$xtwórczość$xwystawy
=600  19$aKeller, Anida$xtwórczość$xwystawy
=600  19$aGuzewicz, Katarzyna
=600  19$aKomeda, Krzysztof$ximprezy
=600  19$aNadolska, Monika
=600  19$aGotkiewicz, Beata
=600  19$aAltmajer, Elżbieta
=600  19$aŁowkiel, Katarzyna
=600  19$aCielecki, Marcin
=600  19$aNecio, Jerzy
=610  29$aWojewódzka Biblioteka Publiczna (Olsztyn). Piątka - Biblioteka Dzieci i Młodzieży$ximprezy
=610  29$aWojewódzka Biblioteka Publiczna (Olsztyn)$xkonkursy i festiwale
=610  29$aWojewódzka Biblioteka Publiczna (Olsztyn). Galeria Stary Ratusz$xwystawy
=610  29$aWojewódzka Biblioteka Publiczna (Olsztyn). Galeria Stary Ratusz$ximprezy
=610  29$aWojewódzka Biblioteka Publiczna (Olsztyn). Stary Ratusz$ximprezy
=610  29$aWojewódzka Biblioteka Publiczna (Olsztyn). Dyskusyjny Klub Książki$ximprezy
=610  29$aWojewódzka Biblioteka Publiczna (Olsztyn). Czytelnia$ximprezy
=610  29$aWojewódzka Biblioteka Publiczna (Olsztyn). Muzoteka$ximprezy
=610  29$aMiejska Biblioteka Publiczna (Olsztyn)$ximprezy
=610  29$aOficyna Wydawnicza "Retman" (Dąbrówno)$xwydawnictwa$xmarketing$ximprezy
=610  29$aUrząd Marszałkowski (Olsztyn)$ximprezy
=610  29$aCentrum Edukacji i Inicjatyw Kulturalnych (Olsztyn)$ximprezy
=610  29$aStowarzyszenie Absolwentów Uniwersytetu Warmińsko-Mazurskiego (Olsztyn). Klub "Ziemia Warmińska"
=610  29$aCentrum Kultury i Turystyki (Mrągowo)$xwystawy
=611  29$aTydzień Bibliotek$d(2019 ;$cOlsztyn)
=650  \9$aSocjologia$ximprezy$y2019 r.
=650  \9$aBajka i baśń$ximprezy$y2019 r.
=650  \9$aFotografia polska$xwystawy$y2019 r.
=650  \9$aMiasta$xw fotografii$xwystawy$y2019 r.
=650  \9$aMalarstwo sakralne polskie$xwydawnictwa$ximprezy$y2019 r.
=650  \9$aMalarze polscy$xbiografie$ximprezy$y2019 r.
=650  \9$aLiteratura polska$ximprezy$y2019 r.
=650  \9$aPoezja polska$ximprezy$y2019 r.
=650  \9$aNagrody literackie$ximprezy$y2019 r.
=650  \9$aWawrzyn - Literacka Nagroda Warmii i Mazur (2018)
=650  \9$aCzytelnictwo$xmarketing$ximprezy$y2019 r.
=650  \9$aCzytelnictwo$xmarketing$xwystawy$y2019 r.
=650  \9$aKobieta$xwystawy$y2019 r.
=650  \9$aRegionalizm$xliteratura$xmarketing$ximprezy$y2019 r.
=650  \9$aPodróżnictwo$ximprezy$y2019 r.
=650  \9$aLiteratura polska$xkonkursy i festiwale$y2019 r.
=650  \9$aBiblioteki publiczne$ximprezy$y2019 r.
=650  \9$aBiblioteki publiczne$xkonkursy i festiwale$y2019 r.
=650  \9$aKluby$ximprezy$y2019 r.
=650  \9$aDziecko$xkultura$ximprezy$y2019 r.
=650  \9$aLiteratura dziecięca$xwystawy$y2019 r.
=650  \9$aProgramowanie$ximprezy$y2019 r.
=650  \9$aGry planszowe$ximprezy$y2019 r.
=650  \9$aMuzyka polska$ximprezy$y2019 r.
=650  \9$aKompozytorzy polscy$xbiografie$ximprezy$y2019 r.
=650  \9$aFilm polski$ximprezy$y2019 r.
=650  \9$aNiewidomi$xfilm$ximprezy$y2019 r.
=650  \9$aSzkolnictwo wyższe$ximprezy$y2019 r.
=650  \9$aBiblioteki publiczne$xwystawy$y2019 r.
=650  \9$aMalarstwo sakralne polskie$xwystawy$y2019 r.
=651  \9$aDąbrówno (pow. Ostróda)$xdrukarstwo i edytorstwo$xwydawnictwa$ximprezy$y2019 r.
=651  \9$aOlsztyn$xkomputeryzacja$ximprezy$y2019 r.
=651  \9$aOlsztyn$xfilm$ximprezy$y2019 r.
=651  \9$aOlsztyn$xmuzyka$ximprezy$y2019 r.
=651  \9$aOlsztyn$xsztuka$xwystawy$y2019 r.
=651  \9$aPodlasie$xreligia$xsztuka$xwystawy$y2019 r.
=651  \9$aOlsztyn$xliteratura$xkonkursy i festiwale$y2019 r.
=651  \9$aOlsztyn$xliteratura$ximprezy$y2019 r.
=651  \9$aOlsztyn$xszkolnictwo wyższe$ximprezy$y2019 r.
=651  \9$aOlsztyn$xbibliotekarstwo$xkonkursy i festiwale$y2019 r.
=651  \9$aOlsztyn$xbibliotekarstwo$ximprezy$y2019 r.
=651  \9$aOlsztyn$xbibliotekarstwo$xwystawy$y2019 r.
=651  \9$aMrągowo$xw fotografii$xwystawy$y2019 r.
=651  \9$aMakau (Chiny)$xpodróżnictwo$ximprezy$y2019 r.
=651  \9$aHongkong (Chiny)$xpodróżnictwo$ximprezy$y2019 r.
=651  \9$aLublin$xreligia$xsztuka$xwystawy$y2019 r.
=651  \9$aLublin$xreligia$xsztuka$ximprezy$y2019 r.
=651  \9$aPodlasie$xreligia$xsztuka$ximprezy$y2019 r.
=651  \9$aOlsztyn$xsztuka$ximprezy$y2019 r.
=651  \9$aWarmia i Mazury$xreligia$xsztuka$ximprezy$y2019 r.
=651  \9$aWarmia i Mazury$xreligia$xsztuka$xwystawy$y2019 r.
=651  \9$aWarmia i Mazury$xliteratura$xkonkursy i festiwale$y2019 r.
=651  \9$aWarmia i Mazury$xliteratura$ximprezy$y2019 r.
=655  \9$aPlakat polski$y2019 r.
=902  \\$eu
=915  \\$a2021/04/16
=922  \\$aWojewódzka Biblioteka Publiczna im. Emilii Sukertowej-Biedrawiny (Olsztyn) 
=951  \9$aDąbrówno (pow. Ostróda)$xdrukarstwo i edytorstwo$xwydawnictwa$ximprezy$y2019 r.
=951  \9$aOlsztyn$xkomputeryzacja$ximprezy$y2019 r.
=951  \9$aOlsztyn$xfilm$ximprezy$y2019 r.
=951  \9$aOlsztyn$xmuzyka$ximprezy$y2019 r.
=951  \9$aOlsztyn$xsztuka$xwystawy$y2019 r.
=951  \9$aPodlasie$xreligia$xsztuka$xwystawy$y2019 r.
=951  \9$aOlsztyn$xliteratura$xkonkursy i festiwale$y2019 r.
=951  \9$aOlsztyn$xliteratura$ximprezy$y2019 r.
=951  \9$aOlsztyn$xszkolnictwo wyższe$ximprezy$y2019 r.
=951  \9$aOlsztyn$xbibliotekarstwo$xkonkursy i festiwale$y2019 r.
=951  \9$aOlsztyn$xbibliotekarstwo$ximprezy$y2019 r.
=951  \9$aOlsztyn$xbibliotekarstwo$xwystawy$y2019 r.
=951  \9$aMrągowo$xw fotografii$xwystawy$y2019 r.
=951  \9$aMakau (Chiny)$xpodróżnictwo$ximprezy$y2019 r.
=951  \9$aHongkong (Chiny)$xpodróżnictwo$ximprezy$y2019 r.
=951  \9$aLublin$xreligia$xsztuka$xwystawy$y2019 r.
=951  \9$aLublin$xreligia$xsztuka$ximprezy$y2019 r.
=951  \9$aPodlasie$xreligia$xsztuka$ximprezy$y2019 r.
=951  \9$aOlsztyn$xsztuka$ximprezy$y2019 r.
=951  \9$aWarmia i Mazury$xreligia$xsztuka$ximprezy$y2019 r.
=951  \9$aWarmia i Mazury$xreligia$xsztuka$xwystawy$y2019 r.
=951  \9$aWarmia i Mazury$xliteratura$xkonkursy i festiwale$y2019 r.
=951  \9$aWarmia i Mazury$xliteratura$ximprezy$y2019 r.
=955  \9$aPlakat polski$y2019 r.
=980  \\$aDruki ulotne
  
