=LDR  01089nab#a2200289#u#4500
=001  b0000130135719
=005  20221207141259.5
=008  040924s2004####pl#a####r#####00###pol#d
=009  9912961720305606
=035  \\$aBR1_020145-48omnis_network
=040  \\$aOLSZT W$cOLSZT W
=041  0\$apol
=100  1\$aSzyłłejko, Tadeusz
=245  00$aWieczór autorski /$cTadeusz Szyłłejko
=440  \0$a(Loża Szyłłejki)
=520  \8$aOpowiadania Włodzimierz Kowalewskiego i Olgi Tokarczuk nt. wieczoru autorskiego Tomasza Manna w Olsztynie, zaprezentowane przez Teatr przy Stoliku w wykonaniu Joanny Fertacz i Cezarego Ilczynę.
=600  19$aTokarczuk, Olga$tWieczór autorski
=600  19$aFertacz, Joanna
=600  19$aIlczyna, Cezary
=610  29$aTeatr im. Stefana Jaracza (Olsztyn). Teatr przy Stoliku
=650  \9$aTeatr$zOlsztyn
=651  \9$aOlsztyn$xteatr
=773  0\$i//$tGaz. Olszt. -$g2004, nr 225, s. 10.$d24 IX
=916  \\$aSzyłłejko, Tadeusz   
=951  \9$aOlsztyn$xteatr
  
