=LDR  01251nab#a2200313#u#4500
=001  b0000130135769
=005  20221207141249.5
=008  040921s2004####pl#a####r#####00###pol#d
=009  9912962006305606
=035  \\$aBR1_020213-48omnis_network
=040  \\$aOLSZT W$cOLSZT W
=041  0\$apol
=100  1\$aLenkiewicz, Elżbieta
=245  10$aNa dwa pióra :$bnowa premiera w Teatrze przy Stoliku /$cElżbieta Lenkiewicz ; rozm. Beata Waś
=520  \8$aOpowiadania Włodzimierz Kowalewskiego i Olgi Tokarczuk nt. wieczoru autorskiego Tomasza Manna w Olsztynie, zaprezentowane przez Teatr przy Stoliku w wykonaniu Joanny Fertacz i Cezarego Ilczynę.
=600  19$aIlczyna, Cezary
=600  19$aFertacz, Joanna
=600  19$aKowalewski, Włodzimierz$d(1956- )$tWieczór autorski
=610  29$aTeatr im. Stefana Jaracza (Olsztyn). Teatr przy Stoliku
=650  \9$aTeatr$zOlsztyn
=651  \9$aOlsztyn$xteatr
=700  1\$aWaś, Beata.$eRozm.
=770  \0$tOlsztyn Dzień po Dniu
=773  0\$i//$tGaz. Olszt. -$g2004, nr 221, dod. Olsztyn Dzień po Dniu, nr 332, s. 4.$d20 IX
=916  \\$aLenkiewicz, Elżbieta   
=918  1\$aWaś, Beata.
=951  \9$aOlsztyn$xteatr
  
