=LDR  00912nab#a2200241#u#4500
=001  b0000130192790
=005  20221208143434.0
=008  210728s2007############r#####00####pol##
=009  9912994849805606
=035  \\$aBR3_029789-48omnis_network
=040  \\$aOLSZT W$cOLSZT W
=041  0\$apol
=100  1\$aChłosta-Zielonka, Joanna$eRec.
=245  10$aAntologia mitem pisana /$cJoanna Chłosta-Zielonka
=520  \\$aZawiera rec. książki: Anna Inn w grobowcach świata / Olga Tokarczuk. - Kraków, 2006. - ISBN 978-83-240-0739-4. - Autorka recenzji zam. w Olsztynie.
=600  14$aTokarczuk, Olga$d(1962- )$tAnna In w grobowcach świata
=650  \4$aRecenzja literacka
=651  \4$aOlsztyn$xpiśmiennictwo
=773  0\$i//$tPortret. -$g2007, nr 23, s. 27.
=916  \\$aChłosta-Zielonka, Joanna   
=951  \4$aOlsztyn$xpiśmiennictwo
  
