=LDR  00890nab#a2200253#u#4500
=001  b0000130230800
=005  20221207141320.5
=008  120525s2012############r#####00####pol##
=009  9912942200005606
=035  \\$aBR5_024698-48omnis_network
=040  \\$aOLSZT W$cOLSZT W
=041  0\$apol
=100  1\$aDarska, Bernadetta.$eRec.
=245  11$a[Moment niedźwiedzia - recenzja] /$cBernadetta Darska
=520  \\$aZawiera rec. książki: Moment niedźwiedzia / Olga Tokarczuk. - Warszawa, 2012. - Autorka recenzji mieszka w Olsztynie.
=600  14$aTokarczuk, Olga$tMoment niedźwiedzia
=650  \4$aPowieść polska$xhistoria$y21 w.
=651  \4$aOlsztyn$xpiśmiennictwo
=655  \4$aRecenzja literacka
=773  0\$i//$tZadra. -$g2012, nr 1-2, s. 108.
=916  \\$aDarska, Bernadetta.   
=951  \4$aOlsztyn$xpiśmiennictwo
=955  \4$aRecenzja literacka
  
