=LDR  00876nab#a2200265#u#4500
=001  b0000130269784
=005  20221207141249.5
=008  141215s2014############r#####00####pol##
=009  9912964922505606
=035  \\$aBR6_041336-48omnis_network
=040  \\$aOLSZT W$cOLSZT W
=041  0\$apol
=100  1\$aBarański, Marek
=245  10$aParada autorów /$cMarek Barański
=520  \\$aKr. wydarzenia kulturalne w Olsztynie minionego tygodnia. Wizyta Zygmunta Miłoszewskiego, Olgi Tokarczuk, wspomnienie Stanisława Dygata.
=600  14$aTokarczuk, Olga
=600  14$aDygat, Stanisław
=651  \4$aOlsztyn$xkultura
=773  0\$i//$tGazeta Olsztyńska. -$g2014, nr 288, s. 2.$d12 XI
=916  \\$aBarański, Marek   
=951  \4$aOlsztyn$xkultura
  
