=LDR  01264naa#a2200325#u#4500
=001  b0000130274683
=005  20230106141701.0
=008  210218s2014############r#####00####pol##
=009  9912970265205606
=035  \\$aBR6_050504-48omnis_network
=040  \\$aOLSZT W$cOLSZT W
=041  0\$apol
=100  1\$aDarska, Bernadetta$d(1978- )
=245  10$aMiędzy realnością a mitem :$bo twórczości Olgi Tokarczuk /$cBernadetta Darska
=246  \\$i// W:$aSkład osobowy : szkice o prozaikach współczesnych. Część 1 / red. Agnieszka Nęcka, Dariusz Nowacki, Jolanta Pasterska.
=260  \\$aKatowice :$bWydawnictwo Uniwersytetu Śląskiego,$c2014.
=300  \\$aS. 495-528.
=520  \\$aAutorka mieszka w Olsztynie. Tekst nie dot. regionu.
=600  14$aTokarczuk, Olga$d(1962- )$xtwórczość
=650  \4$aLiteratura polska$xhistoria$y20-21 w.
=651  \4$aOlsztyn$xpiśmiennictwo
=700  1\$aNęcka-Czapska, Agnieszka$d(1980- )$eRed.
=700  1\$aNowacki, Dariusz$d(1965- )$eRed.
=916  \\$aDarska, Bernadetta   (1978- )
=918  1\$aNęcka, Agnieszka$d(1980- )
=918  1\$aNowacki, Dariusz$d(1965- )
=951  \4$aOlsztyn$xpiśmiennictwo
  
