=LDR  00952nab#a2200241#u#4500
=001  b0000130275316
=005  20221207141341.3
=008  150130s2015############r#####00####pol##
=009  9912940347105606
=035  \\$aBR7_000834-48omnis_network
=040  \\$aOLSZT W$cOLSZT W
=041  0\$apol
=100  1\$aSzczepkowska, Joanna
=245  10$aCo Pani mówi, Pani Olgo! :$bwysokie napięcie /$cJoanna Szczepkowska
=520  \\$aPolemika z wypowiedziami Olgi Tokarczuk nt. kondycji społeczeństwa polskiego. Passim dot. Szczepkowa gm. Janowiec Kościelny.
=600  14$aTokarczuk, Olga
=651  \4$aSzczepkowo-Borowe (gm. Janowiec Kościelny, pow. Nidzica)$xsocjologia
=770  \0$tPlus Minus
=773  0\$i//$tRzeczpospolita. -$g2015, nr 25, dod. Plus Minus, s. P3.$d31 I
=916  \\$aSzczepkowska, Joanna   
=951  \4$aSzczepkowo-Borowe (gm. Janowiec Kościelny, pow. Nidzica)$xsocjologia
  
