=LDR  00895nab#a2200289#u#4500
=001  b0000130328881
=005  20221207141304.4
=008  191227s2019############r#####00####pol##
=009  9912979926905606
=035  \\$aBR9_010399-48omnis_network
=040  \\$aOLSZT W$cOLSZT W
=041  0\$apol
=100  1\$aMazgal, Ewa
=245  10$aOlsztyńskie związki noblistki /$cEwa Mazgal
=520  \\$aDot. związków noblistki Olgi Tokarczuk z Olsztynem.
=600  14$aTokarczuk, Olga$tWieczór autorski
=630  04$aBorussia (czasop.)
=650  \4$aPisarze polscy$y20-21 w.
=651  \4$aOlsztyn$xkultura
=773  0\$i//$tGazeta Olsztyńska. -$g2019, nr 285, s. 2.$d10 XII
=916  \\$aMazgal, Ewa   
=930  04$aBorussia (czasop.)
=951  \4$aOlsztyn$xkultura
  
