=LDR  00952nab#a2200301#u#4500
=001  b0000130328897
=005  20221207141341.3
=008  191228s2019############r#####00####pol##
=009  9912980448205606
=035  \\$aBR9_010426-48omnis_network
=040  \\$aOLSZT W$cOLSZT W
=041  0\$apol
=100  1\$aKurs, Tomasz
=245  10$aOlsztyński ślad Olgi Tokarczuk /$cTomasz Kurs
=520  \\$aDot. związków noblistki Olgi Tokarczuk z Olsztynem.
=600  14$aTokarczuk, Olga
=630  04$aBorussia (czasop.)
=650  \4$aPisarze polscy$y20-21 w.
=651  \4$aOlsztyn$xkultura
=770  \0$tTygodnik Olsztyn
=773  0\$i//$tGazeta Wyborcza. -$g2019, nr 290, dod. Tygodnik Olsztyn, s. 4.$d13 XII
=916  \\$aKurs, Tomasz   
=930  04$aBorussia (czasop.)
=951  \4$aOlsztyn$xkultura
  
