=LDR  00934nab#a2200253#u#4500
=001  b0000130328898
=005  20221207141320.5
=008  191228s2019############r#####00####pol##
=009  9912980432505606
=035  \\$aBR9_010428-48omnis_network
=040  \\$aOLSZT W$cOLSZT W
=041  0\$apol
=100  1\$aTokarczuk, Olga
=245  10$aOlga Tokarczuk i Olsztyn w roli głównej /$cOlga Tokarczuk
=520  \\$aFragment opowiadania Olgi Tokarczuk pt. "Wieczór autorski" dot. wyimaginowanego spotkania autorskiego Tomasza Manna w Olsztynie w 1929 r.
=600  14$aTokarczuk, Olga$tWieczór autorski
=651  \4$aOlsztyn$xw literaturze
=655  \4$aOpowiadanie polskie$y21 w.
=770  \0$tTygodnik Olsztyn
=773  0\$i//$tGazeta Wyborcza. -$g2019, nr 290, dod. Tygodnik Olsztyn, s. 4-5.$d13 XII
=916  \\$aTokarczuk, Olga   
=951  \4$aOlsztyn$xw literaturze
=955  \4$aOpowiadanie polskie$y21 w.
  
