=LDR  00756nab#a2200229#u#4500
=001  b0000130330054
=005  20221207141341.3
=008  200331s2020############r#####00####pol##
=009  9912970662705606
=035  \\$aBR9_012540-48omnis_network
=040  \\$aOLSZT W$cOLSZT W
=041  0\$apol
=100  1\$aKącka, Eliza
=245  10$aDar bogini /$cEliza Kącka
=520  \\$aDot. twórczości Olgi Tokarczuk. Autorka tekstu pochodzi z Lidzbarka Warmińskiego.
=600  14$aTokarczuk, Olga$xtwórczość
=650  \4$aLiteratura polska$xhistoria$y20-21 w.
=651  \4$aLidzbark Warmiński$xpiśmiennictwo
=773  0\$i//$tZnak. -$g2020, nr 4, s. 6-13.
=916  \\$aKącka, Eliza   
=951  \4$aLidzbark Warmiński$xpiśmiennictwo
  
