=LDR  00816nab#a2200229#u#4500
=001  b0000130330574
=005  20221207141330.7
=008  200331s2020############r#####00####pol##
=009  9912998219805606
=035  \\$aBR9_013414-48omnis_network
=040  \\$aOLSZT W$cOLSZT W
=041  0\$apol
=100  1\$aMikołejko, Zbigniew$d(1951- )
=245  10$aMiędzy nadzieją a ciemnością /$cZbigniew Mikołejko
=520  \\$aDot. twórczości Olgi Tokarczuk. Autor tekstu pochodzi z Lidzbarka Warmińskiego.
=600  14$aTokarczuk, Olga$xtwórczość
=650  \4$aLiteratura polska$xhistoria$y20-21 w.
=651  \4$aLidzbark Warmiński$xpiśmiennictwo
=773  0\$i//$tZnak. -$g2020, nr 4, s. 26-35.
=916  \\$aMikołejko, Zbigniew   (1951- )
=951  \4$aLidzbark Warmiński$xpiśmiennictwo
  
