=LDR  00671naa#a2200217#u#4500
=001  b0000130350314
=005  20221207141320.5
=008  060216s2006####pl######r#####00####pol#d
=009  9912967459105606
=015  \\$a2006/02/16
=035  \\$aINFO_000766-48omnis_network
=040  \\$aOLSZT W$cOLSZT W
=041  0\$apol
=100  1\$aKlukowski, Bogdan
=245  10$aOlga Tokarczuk - droga do własnego stylu /$cBogdan Klukowski.
=600  19$aTokarczuk, Olga$xtwórczość
=650  \9$aLiteratura polska$xbiografie$yod 1944 r.
=773  0\$i//$tPoradnik Bibliotekarza. -$g2006, nr 2, s. 25-26
=915  \\$a2006/02/16
=916  \\$aKlukowski, Bogdan   
  
