=LDR  00675naa#a2200217#u#4500
=001  b0000130350969
=005  20221208143443.6
=008  060323s2006####pl######r#####00####pol#d
=009  9912959511305606
=015  \\$a2006/03/23
=035  \\$aINFO_001468-48omnis_network
=040  \\$aOLSZT W$cOLSZT W
=041  0\$apol
=100  1\$aHorowska, Elżbieta M.
=245  10$aO twórczości Olgi Tokarczuk :$bkonkurs cztelniczy /$cOlga Tokarczuk.
=600  19$aTokarczuk, Olga$d(1962- )$xtwórczość
=650  \9$aKonkursy szkolne
=773  0\$i//$tPoradnik Bibliotekarza. -$g2006, nr 3, s. 30-32
=915  \\$a2006/03/23
=916  \\$aHorowska, Elżbieta M.   
  
