=LDR  00824naa#a2200241#u#4500
=001  b0000130354144
=005  20221207141320.5
=008  060907s2006####pl######r#####00####pol#d
=009  9912977856205606
=015  \\$a2006/09/07
=035  \\$aINFO_004871-48omnis_network
=040  \\$aOLSZT W$cOLSZT W
=041  0\$apol
=100  1\$aTokarczuk, Olga
=245  10$aTokarczuk : kobiety zawsze były wykluczone /$crozm. przepr. Stanisław Bereś.
=520  \\$aO książce O. Tokarzcuk : "Anna In w grobowcach świata "
=600  19$aTokarczuk, Olga$d(1962- ).$tAnna In w grobowcach świata
=650  \9$aLiteratura polska$xhistoria$y21 w.
=773  0\$i//$tDziennik. -$g2006, nr 115, s. 30-31
=915  \\$a2006/09/07
=916  \\$aTokarczuk, Olga   
  
