=LDR  00796naa#a2200229#u#4500
=001  b0000130354299
=005  20221207141320.5
=008  060915s2006####pl######r#####00####pol#d
=009  9912949019805606
=015  \\$a2006/09/15
=035  \\$aINFO_005038-48omnis_network
=040  \\$aOLSZT W$cOLSZT W
=041  0\$apol
=100  1\$aMizerkiewicz, Tomasz
=245  10$aRozkopywanie grobów /$cTomasz Mizerkiewicz.
=520  \\$aZawiera rec. książki: Anna In w grobowcach świata / Olga Tokarczuk. - Kraków, 2006
=600  19$aTokarczuk, Olga$d(1962- ).$tAnna In w grobowcach świata$vrecenzja
=650  \9$aPowieść polska$y21 w.$vrecenzja
=773  0\$i//$tDziennik. -$tKultura$g2006, nr 126, dod.$g81$d09.15
=915  \\$a2006/09/15
=916  \\$aMizerkiewicz, Tomasz   
  
