=LDR  00779naa#a2200229#u#4500
=001  b0000130354338
=005  20221208143429.1
=008  051230s2006####pl######r#####00####pol#d
=009  9912949394005606
=015  \\$a2006/09/18
=035  \\$aINFO_005081-48omnis_network
=040  \\$aOLSZT W$cOLSZT W
=041  0\$apol
=100  1\$aMiecznicka, Magdalena
=245  10$aIntelektualna papka /$cMagdalena Miecznicka.
=520  \\$aZawiera rec. książki: Anna In w grobowcach świata / Olga Tokarczuk. - Kraków, 2006
=600  19$aTokarczuk, Olga$d(1962- ).$tAnna In w grobowcach świata$vrecenzja
=650  \9$aPowieść polska$y21 w.$vrecenzja
=773  0\$i//$tDziennik. -$g2006, nr 127, s. 33
=915  \\$a2006/09/18
=916  \\$aMiecznicka, Magdalena   
  
