=LDR  00774naa#a2200229#u#4500
=001  b0000130355234
=005  20221208143434.0
=008  051230s2006####pl######r#####00####pol#d
=009  9912950497205606
=015  \\$a2006/11/02
=035  \\$aINFO_006080-48omnis_network
=040  \\$aOLSZT W$cOLSZT W
=041  0\$apol
=100  1\$aDunin-Wąsowicz, Paweł
=245  10$aPodziwiam, nie myślę /$cPaweł Dunin-Wąsowicz.
=520  \\$aZawiera rec. książki: Anna In w grobowcach świata / Olga Tokarczuk. - Kraków, 2006
=600  19$aTokarczuk, Olga$d(1962- ).$tAnna In w grobowcach świata$vrecenzja
=650  \9$aPowieść polska$y21 w.
=773  0\$i//$tLampa. -$g2006, nr 10, s. 57
=915  \\$a2006/11/02
=916  \\$aDunin-Wąsowicz, Paweł   
  
