=LDR  00842naa#a2200229#u#4500
=001  b0000130361382
=005  20221207141320.5
=008  070710s2007####pl######r#####00####pol#d
=009  9912982946905606
=015  \\$a2007/07/10
=035  \\$aINFO_012889-48omnis_network
=040  \\$aOLSZT W$cOLSZT W
=041  0\$apol
=100  1\$aJentys, Maria
=245  10$aArgonautka :$btrzy pierwsze podróże$cMaria Jentys.
=520  \\$aZawiera recenzje książek: Szafa / Olga Tokarczuk. - Kraków, 2005 ; Podróż ludzi księgi / Olga Tokarczuk. - Warszawa, 1996 ; E.E. / Olga Tokarczuk. - Warszawa, 1995
=600  19$aTokarczuk, Olga$d(1962- ).$ttwórczość$vrecenzja
=650  \9$aLiteratura polska$yod 2001 r.$vrecenzja
=773  0\$i//$tWyspa. -$g2007, nr 2, s. 72-83
=915  \\$a2007/07/10
=916  \\$aJentys, Maria   
  
