=LDR  00817naa#a2200253#u#4500
=001  b0000130363667
=005  20221207141320.5
=008  071005s2007####pl######r#####00####pol#d
=009  9912970292905606
=015  \\$a2007/10/05
=035  \\$aINFO_015471-48omnis_network
=040  \\$aOLSZT W$cOLSZT W
=041  0\$apol
=100  1\$aTokarczuk, Olga
=245  10$aCzuję się niewygodnie w świecie /$cOlga Tokarczuk; rozm. przepr. Stanisław Bereś.
=520  \\$aNa marginesie książki "Bieguni"
=600  19$aTokarczuk, Olga$d(1962- ).$tBieguni
=650  \9$aLiteratura polska$xhistoria$y20-21 w.
=700  1\$aBereś, Stanisław$eRozm. przepr.
=773  0\$i//$tDziennik. -$g2007, nr 233, s. 22-23
=915  \\$a2007/10/05
=916  \\$aTokarczuk, Olga   
=918  1\$aBereś, Stanisław
  
