=LDR  00747naa#a2200229#u#4500
=001  b0000130363793
=005  20221207141341.3
=008  071011s2007####pl######r#####00####pol#d
=009  9912998548705606
=015  \\$a2007/01/11
=035  \\$aINFO_015603-48omnis_network
=040  \\$aOLSZT W$cOLSZT W
=041  0\$apol
=100  1\$aMiecznicka, Magdalena
=245  10$aPowieść o ucieczce donikąd /$cMagdalena Miecznicka.
=520  \\$aZawiera rec. książki: Bieguni / Olga Tokarczuk. - Kraków, 2007
=600  19$aTokarczuk, Olga$d(1962- ).$tBieguni$vrecenzja
=650  \9$aPowieść polska$x21 w.$vrecenzja
=773  0\$i//$tDziennik. -$g2007, nr 238, s. 23
=915  \\$a2007/01/11
=916  \\$aMiecznicka, Magdalena   
  
