=LDR  00880naa#a2200265#u#4500
=001  b0000130363806
=005  20221207141304.4
=008  071012s2007####pl######r#####00####pol#d
=009  9912998558105606
=015  \\$a2007/10/12
=035  \\$aINFO_015616-48omnis_network
=040  \\$aOLSZT W$cOLSZT W
=041  0\$apol
=100  1\$aTokarczuk, Olga
=245  10$aCiało to pojazd doskonały /$cOlga Tokarczuk ; rozm. przepr. Maja Gawrońska.
=520  \\$aNa marginesie książki Olgi Tokarczuk "Bieguni"
=600  19$aTokarczuk, Olga$d(1962- )
=650  \9$aPodróżnictwo$zPolska$yod 1989 r.
=700  1\$aGawrońska, Maja$eRozm. przepr.
=773  0\$i//$tDziennik. -$tKultura$g2007, nr 239, dod.$gs. 66-67$d12.10
=915  \\$a2007/10/12
=916  \\$aTokarczuk, Olga   
=918  1\$aGawrońska, Maja
  
