=LDR  00728naa#a2200241#u#4500
=001  b0000130364135
=005  20221207141259.5
=008  071029s2007####pl######r#####00####pol#d
=009  9912951372005606
=015  \\$a2007/10/29
=035  \\$aINFO_015984-48omnis_network
=040  \\$aOLSZT W$cOLSZT W
=041  0\$apol
=100  1\$aTokarczuk, Olga
=245  10$aDoceńmy smutek /$cOlga Tokarczyuk ; rozm. przepr. Alina Gutek.
=600  19$aTokarczuk, Olga$d(1962- )
=650  \9$aLiteratura polska$xbiografie$yod 1989 r.
=700  1\$aGutek, Alina$eRozm. przepr.
=773  0\$i//$tZwierciadło. -$g2007, nr 11, s. 64-69
=915  \\$a2007/10/29
=916  \\$aTokarczuk, Olga   
=918  1\$aGutek, Alina
  
