=LDR  00735naa#a2200229#u#4500
=001  b0000130366176
=005  20221207141304.4
=008  080216s2008####pl######r#####00####pol#d
=009  9912976497605606
=015  \\$a2008/02/16
=035  \\$aINFO_018259-48omnis_network
=040  \\$aOLSZT W$cOLSZT W
=041  0\$apol
=100  1\$aTetera, Aleksandra
=245  10$aŚladami linii papilarnych /$cAleksandra Tetera.
=520  \\$aZawiera rec. książki: Bieguni / Olga Tokarczuk. - Kraków, 2007
=600  19$aTokarczuk, Olga$d(1962- ).$tBieguni$vrecenzja
=650  \9$aPowieść polska$y21 w.$vrecenzja
=773  0\$i//$tWyspa. -$g2007, nr 4, s. 172-173
=915  \\$a2008/02/16
=916  \\$aTetera, Aleksandra   
  
