=LDR  00915naa#a2200277#u#4500
=001  b0000130366405
=005  20221208143443.6
=008  080221s2008####pl######r#####00####pol#d
=009  9912962314405606
=015  \\$a2008/02/21
=035  \\$aINFO_018509-48omnis_network
=040  \\$aOLSZT W$cOLSZT W
=041  0\$apol
=100  1\$aTokarczuk, Olga
=245  10$aChroń, Panie, opowiadanie /$cOlga Tokarczuk ; rozm. przepr. Agnieszka Wolny-Hamkało.
=600  19$aTokarczuk, Olga$d(1962- )$xtwórczość
=650  \9$aLiteratura$xrodzaje i gatunki
=650  \9$aLiteratura polska$xhistoria$yod 2001 r.
=700  1\$aWolny-Hamkało, Agnieszka.$eRozm. przepr.
=720  1\$aHamkało, Agnieszka Wolny-
=773  0\$i//$tLampa. -$g2007, nr 9, s. 15-17
=915  \\$a2008/02/21
=916  \\$aTokarczuk, Olga   
=918  1\$aWolny-Hamkało, Agnieszka.
  
