=LDR  00752naa#a2200241#u#4500
=001  b0000130366413
=005  20221207141330.7
=008  080221s2008####pl######r#####00####pol#d
=009  9912970503105606
=015  \\$a2008/02/21
=035  \\$aINFO_018518-48omnis_network
=040  \\$aOLSZT W$cOLSZT W
=041  0\$apol
=100  1\$aTokarzczuk, Olga
=245  10$aHymn do Bogini /$cOlga Tokarczuk ; rozm. przepr. Beata Kozak.
=600  19$aTokarczuk, Olga$d(1962- ).$tAnna In w grobowcach świata
=650  \9$aLiteratura polska$xhistoria$yod 1989 r.
=700  1\$aKozak, Beata$eRozm. przepr.
=773  0\$i//$tZadra. -$g2006, nr 2/3, s. 51-54
=915  \\$a2008/02/21
=916  \\$aTokarzczuk, Olga   
=918  1\$aKozak, Beata
  
