=LDR  00746naa#a2200229#u#4500
=001  b0000130366509
=005  20221207141249.5
=008  080223s2008####pl######r#####00####pol#d
=009  9912970286905606
=015  \\$a2008/02/23
=035  \\$aINFO_018626-48omnis_network
=040  \\$aOLSZT W$cOLSZT W
=041  0\$apol
=100  1\$aCzarnacka, Agata
=245  10$aSłoik w podróży jako metafora nowoczesności /$cAgata Czarnacka.
=520  \\$aZawiera rec. książki: Bieguni / Olga Tokarczuk. - Kraków, 2007
=600  19$aTokarczuk, Olga$d(1962- ).$tBieguni$vrecenzja
=650  \9$aPowieść polska$y21 w.$vrecenzja
=773  0\$i//$tLampa. -$g2007, nr 11, s. 63
=915  \\$a2008/02/23
=916  \\$aCzarnacka, Agata   
  
