=LDR  00843naa#a2200241#u#4500
=001  b0000130372183
=005  20221208143443.6
=008  081027s2008####pl######r#####00####pol#d
=009  9912973751705606
=015  \\$a2008/10/27
=035  \\$aINFO_024959-48omnis_network
=040  \\$aOLSZT W$cOLSZT W
=041  0\$apol
=100  1\$aChłosta-Zielonka, Joanna
=245  10$aHistoria mitem pisana /$cJoanna Chłosta-Zielonka.
=520  \\$aZawiera rec. książki: Anna In w grobowcach świata / Olga Tokarczuk. - Kraków, 2006
=600  19$aTokarczuk, Olga$d(1962- ).$tAnna In w grobowcach świata$vrecenzja
=650  \9$aPowieść polska$y21 w.$vrecenzja
=720  1\$aZielonka, Joanna Chłosta-
=773  0\$i//$tPortret. -$g2007, nr 1 (23), s. 194-195
=915  \\$a2008/10/27
=916  \\$aChłosta-Zielonka, Joanna   
  
