=LDR  00724naa#a2200229#u#4500
=001  b0000130372440
=005  20221207141249.5
=008  071011s2007####pl######r#####00####pol#d
=009  9912946612605606
=015  \\$a2007/01/11
=035  \\$aINFO_025238-48omnis_network
=040  \\$aOLSZT W$cOLSZT W
=041  0\$apol
=100  1\$aIwasiów, Sławomir
=245  10$aBieguny /$cSławomir Iwasiów.
=520  \\$aZawiera rec. książki: Bieguni / Olga Tokarczuk. - Kraków, 2007
=600  19$aTokarczuk, Olga$d(1962- ).$tBieguni$vrecenzja
=650  \9$aPowieść polska$x21 w.$vrecenzja
=773  0\$i//$tPortret. -$g2008, nr 1 (25), s. 45-46
=915  \\$a2007/01/11
=916  \\$aIwasiów, Sławomir   
  
