=LDR  00829naa#a2200241#u#4500
=001  b0000130373870
=005  20221208143429.1
=008  090123s2009####pl######r#####00####pol#d
=009  9912947246405606
=015  \\$a2009/01/23
=035  \\$aINFO_026834-48omnis_network
=040  \\$aOLSZT W$cOLSZT W
=041  0\$apol
=100  1\$aKozak, Beata
=245  10$aAnna In Olgi Tokarczuk /$cBeata Kozak.
=520  \\$aZawiera rec. książki: Anna In w grobowcach świata / Olga Tokarczuk. - Kraków, 2006
=600  19$aTokarczuk, Olga$d(1962- ).$tAnna In w grobowcach świata$vrecenzja
=650  \9$aFeministyczna Nagroda Literacka im. Narcyzy Żmichowskiej
=773  0\$i//$tZadra. -$g2008, nr 3/4, s, 11-12
=915  \\$a2009/01/23
=916  \\$aKozak, Beata   
  
