=LDR  00778naa#a2200241#u#4500
=001  b0000130374718
=005  20221208143443.6
=008  100106s2010####pl######r#####00####pol#d
=009  9912967533905606
=015  \\$a2010/01/06
=035  \\$aINFO_027789-48omnis_network
=040  \\$aOLSZT W$cOLSZT W
=041  0\$apol
=100  1\$aTokarczuk, Olga
=245  10$aW obronie patosu /$cOlga Tokarczuk ; rozm. przepr. Marta Szarejko.
=600  19$aTokarczuk, Olga$d(1962- ).$tProwadź swój pług przez kości umarłych
=650  \9$aPowieść polska$xhistoria$yod 2001 r.
=700  1\$aSzarejko, Marta.$eRozm. przepr.
=773  0\$i//$tBluszcz. -$g2010, nr 16, s. 69-71
=915  \\$a2010/01/06
=916  \\$aTokarczuk, Olga   
=918  1\$aSzarejko, Marta.
  
