=LDR  00805naa#a2200229#u#4500
=001  b0000130381489
=005  20221207141320.5
=008  100818s2010####pl######r#####00####pol#d
=009  9912994869005606
=015  \\$a2010/08/18
=035  \\$aINFO_035310-48omnis_network
=040  \\$aOLSZT W$cOLSZT W
=041  0\$apol
=100  1\$aWojak, Magdalena
=245  10$aGniew, czarne lustro i gwiazdy /$cMagdalena Wojak.
=520  \\$aZawiera rec. książki: prowadź swój pług przez kości umarłych / Olga Tokarczuk. - Kraków, 2009
=600  19$aTokarczuk, Olga$d(1962- ).$tProwadź swój pług przez kości umarłych$vrecenzja
=650  \9$aPowieść polska$y21 w.$vrecenzja
=773  0\$i//$tWyspa. -$g2010, nr 1, s. 105-107
=915  \\$a2010/08/18
=916  \\$aWojak, Magdalena   
  
