=LDR  00871naa#a2200289#u#4500
=001  b0000130383150
=005  20221208143429.1
=008  101210s2010####pl######r#####00####pol#d
=009  9912982482905606
=015  \\$a2010/12/10
=035  \\$aINFO_037158-48omnis_network
=040  \\$aOLSZT W$cOLSZT W
=041  0\$apol
=100  1\$aIwasiów, Inga
=245  10$aObywatelki? /$cInga Iwasiów, Olga Tokarczuk ; rozm. przepr. Urszula Chowaniec.
=520  \\$aRefleksje nad obywatelstwem
=600  19$aIwasiów, Inga$d(1963- )
=650  \9$aObywatelstwo
=700  1\$aChowaniec, Urszula.$eRozm. przepr.
=773  0\$i//$tZadra. -$g2010, nr 3/4, s. 16-18
=915  \\$a2010/12/10
=916  \\$aIwasiów, Inga   
=918  1\$aChowaniec, Urszula.
  
