=LDR  00799naa#a2200265#u#4500
=001  b0000130387826
=005  20221207141320.5
=008  120109s2012####pl######r#####00####pol#d
=009  9912969218105606
=015  \\$a2012/01/09
=035  \\$aINFO_042281-48omnis_network
=040  \\$aOLSZT W$cOLSZT W
=041  0\$apol
=100  1\$aTokarczuk, Olga.
=245  10$aWidzieć jak mucha z sufitu /$cOlga Tokarczuk ; rozm. przepr. Roman Kurkiewicz.
=600  19$aTokarczuk, Olga$d(1962- )
=650  \4$aLiteratura polska$xhistoria$yod 2001 r.
=655  \4$aWywiady
=700  1\$aKurkiewicz, Roman.$eRozm. przepr.
=773  1\$i//$tBluszcz. -$g2012, nr 1, s. 20-23
=915  \\$a2012/01/09
=916  \\$aTokarczuk, Olga.   
=918  1\$aKurkiewicz, Roman.
=955  \4$aWywiady
  
