=LDR  00750naa#a2200241#u#4500
=001  b0000130388809
=005  20221207141249.5
=008  120306s2012####pl######r#####00####pol#d
=009  9912948773805606
=015  \\$a2012/03/06
=035  \\$aINFO_043432-48omnis_network
=040  \\$aOLSZT W$cOLSZT W
=041  0\$apol
=100  1\$aSzarejko, Marta.
=245  10$a[Moment niedźwiedzia - recenzja] /$cMarta Szarejko.
=520  8\$aZawiera rec. książki: Moment niedźwiedzia / Olga Tokarczuk. - Warszawa, 2012.
=600  14$aTokarczuk, Olga$d(1962- ).$tMoment niedźwiedzia
=655  \4$aRecenzje
=773  1\$i//$tBluszcz. -$g2012, nr 3, s. 99
=915  \\$a2012/03/06
=916  \\$aSzarejko, Marta.   
=955  \4$aRecenzje
  
