=LDR  00789naa#a2200241#u#4500
=001  b0000130389089
=005  20221207141330.7
=008  120404s2012####pl######r#####00####pol#d
=009  9912970920405606
=015  \\$a2012/04/04
=035  \\$aINFO_043725-48omnis_network
=040  \\$aOLSZT W$cOLSZT W
=041  0\$apol
=100  1\$aPustkowiak, Patrycja.
=245  10$aZwierzę - wielki niemowa historii /$cPatrycja Pustkowiak.
=520  8\$aZawiera rec. książki: Moment niedźwiedzia / Olga Tokarczuk. - Warszawa, 2012.
=600  14$aTokarczuk, Olga$d(1962- ).$tMoment niedźwiedzia
=655  \4$aRecenzje literackie
=773  1\$i//$tLampa. -$g2012, nr 3, s. 32-34
=915  \\$a2012/04/04
=916  \\$aPustkowiak, Patrycja.   
=955  \4$aRecenzje literackie
  
