=LDR  00760naa#a2200241#u#4500
=001  b0000130390075
=005  20221207141320.5
=008  120524s2012####pl######r#####00####pol#d
=009  9912944245205606
=015  \\$a2012/05/24
=035  \\$aINFO_044810-48omnis_network
=040  \\$aOLSZT W$cOLSZT W
=041  0\$apol
=100  1\$aDarska, Bernadetta.
=245  10$a[Moment niedźwiedzia - recenzja] /$cBernadetta Darska.
=520  8\$aZawiera rec. książki: Moment niedźwiedzia / Olga Tokarczyk. - Warszawa, 2012.
=600  14$aTokarczuk, Olga$d(1962- ).$tMoment niedźwiedzia
=655  \4$aRecenzje
=773  1\$i//$tZadra. -$g2012, nr 1/2, s. 108
=915  \\$a2012/05/24
=916  \\$aDarska, Bernadetta.   
=955  \4$aRecenzje
  
