=LDR  00797naa#a2200241#u#4500
=001  b0000130391048
=005  20221208143429.1
=008  120808s2012####pl######r#####00####pol#d
=009  9912980151805606
=015  \\$a2012/08/08
=035  \\$aINFO_045919-48omnis_network
=040  \\$aOLSZT W$cOLSZT W
=041  0\$apol
=100  1\$aCzapliński, Przemysław
=245  10$aZdradliwy realizm /$cPrzemysław Czapliński.
=520  8\$aZawiera rec. książki: Gra na wielu bębenkach / Olga Tokarczuk. - Wałbrzych, 2001.
=600  14$aTokarczuk, Olga$d(1962- ).$tGra na wielu bębenkach
=655  \4$aRecenzje literackie
=773  1\$i//$tUndergrunt. -$g2002, nr 7, s. 155-160
=915  \\$a2012/08/08
=916  \\$aCzapliński, Przemysław   
=955  \4$aRecenzje literackie
  
