=LDR  00806naa#a2200241#u#4500
=001  b0000130391055
=005  20221207141330.7
=008  120808s2012####pl######r#####00####pol#d
=009  9912980160605606
=015  \\$a2012/08/08
=035  \\$aINFO_045926-48omnis_network
=040  \\$aOLSZT W$cOLSZT W
=041  0\$apol
=100  1\$aGeraga, Magdalena
=245  10$aNotatki na marginesie "Gry na wielu bębenkach" /$cMagdalena Geraga.
=520  8\$aZawiera rec. książki: Gra na wielu bębenkach / Olga Tokarczuk. - Wałbrzych, 2001.
=600  14$aTokarczuk, Olga$d(1962- ).$tGra na wielu bębenkach
=655  \4$aRecenzje literackie
=773  1\$i//$tUndergrunt. -$g2002, nr 7, s. 184-185
=915  \\$a2012/08/08
=916  \\$aGeraga, Magdalena   
=955  \4$aRecenzje literackie
  
