=LDR  01083naa#a2200301#u#4500
=001  b0000130394002
=005  20221207141249.5
=008  130226s2013####pl######r#####00####pol#d
=009  9912988596605606
=015  \\$a2013/02/26
=035  \\$aINFO_049319-48omnis_network
=040  \\$aOLSZT W$cOLSZT W
=041  0\$apol
=100  1\$aŚmieja, Wojciech.
=245  10$aLiterackie podróże współczesności /$cWojciech Śmieja.
=600  14$aTokarczuk, Olga$d(1962- ).$tBieguni
=600  14$aStasiuk, Andrzej$d(1960- ).$tJadąc do Babadag
=655  \4$aLiteratura podróżnicza polska$xhistoria$y20-21 w.
=655  \4$aPowieść polska$xhistoria$y20-21 w.
=773  1\$i//$tParnasik. -$g2012/2013, nr 71/72, s. 48-51
=915  \\$a2013/02/26
=916  \\$aŚmieja, Wojciech.   
=955  \4$aLiteratura podróżnicza polska$xhistoria$y20-21 w.
=955  \4$aPowieść polska$xhistoria$y20-21 w.
  
