=LDR  01126naa#a2200289#u#4500
=001  b0000130394628
=005  20221207141320.5
=008  130419s2013####pl######r#####00####pol#d
=009  9912994963105606
=015  \\$a2013/04/19
=035  \\$aINFO_050027-48omnis_network
=040  \\$aOLSZT W$cOLSZT W
=041  0\$apol
=100  1\$aŚwierkosz, Monika.
=245  10$aO cierpieniu zwierząt :$bthriller moralny czy zagadka metafizyczna? /$cMonika Świerkosz.
=520  8\$aZawiera rec. przedstawienia: Kotlina / wg Olgi Tokarczyk ; reż. Agnieszka Olsten ; Teatr Współczesny, Wrocław.
=600  14$aOlsten, Agnieszka
=610  24$aTeatr Współczesny im. Edmunda Wiercińskiego (Wrocław)
=651  \4$aWrocław (woj. dolnośląskie)$xteatr$y2013 r.
=655  \4$aRecenzje teatralne
=773  1\$i//$tDidaskalia. -$g2013, nr 114, s. 15-17
=915  \\$a2013/04/19
=916  \\$aŚwierkosz, Monika.   
=951  \4$aWrocław (woj. dolnośląskie)$xteatr$y2013 r.
=955  \4$aRecenzje teatralne
  
