=LDR  01330naa#a2200337#u#4500
=001  b0000130394629
=005  20221207141304.4
=008  130419s2013####pl######r#####00####pol#d
=009  9912994965005606
=015  \\$a2013/04/19
=035  \\$aINFO_050029-48omnis_network
=040  \\$aOLSZT W$cOLSZT W
=041  0\$apol
=100  1\$aTokarczuk, Olga.
=245  10$aNarracja o zemście /$cOlga Tokarczyk, Igor Stokfisz ; rozm. przepr. Tatiana Drzycimska.
=520  8\$aDot. przedstawienia: Kotlina / wg Olgi Tokarczyk ; reż. Agnieszka Olsten ; Teatr Współczesny, Wrocław.
=600  14$aTokarczuk, Olga$d(1962- ).$tProwadź swój pług przez kości umarłych
=600  14$aOlsten, Agnieszka
=610  24$aTeatr Współczesny im. Edmunda Wiercińskiego (Wrocław)
=650  \4$aTeatr polski$xhistoria$yod 2001 r.
=651  \4$aWrocław (woj. dolnośląskie)$xteatr$y2013 r.
=700  1\$aDrzycimska, Tatiana$eRozm. przepr.
=773  1\$i//$tDidaskalia. -$g2013, nr 114, s. 18-21
=915  \\$a2013/04/19
=916  \\$aTokarczuk, Olga.   
=918  1\$aDrzycimska, Tatiana
=951  \4$aWrocław (woj. dolnośląskie)$xteatr$y2013 r.
  
