=LDR  00759naa#a2200229#u#4500
=001  b0000130399130
=005  20221207141249.5
=008  150113s2015####pl######r#####00####pol#d
=009  9912997569705606
=015  \\$a2015/01/13
=035  \\$aINFO_055024-48omnis_network
=040  \\$aOLSZT W$cOLSZT W
=041  0\$apol
=100  1\$aPaziński, Piotr.
=245  10$aGłos z przedawnienia się :$bPiotr Paziński zauważa dziwności w "Księgach Jakubowych" Olgi Tokarczuk.
=600  14$aTokarczuk, Olga$d(1962- ).$tKsięgi Jakubowe
=655  \4$aPowieść polska$xhistoria$y21 w.
=773  1\$i//$tLampa. -$g2014, nr 9/10, s. 17-19
=915  \\$a2015/01/13
=916  \\$aPaziński, Piotr.   
=955  \4$aPowieść polska$xhistoria$y21 w.
  
