=LDR  00666naa#a2200229#u#4500
=001  b0000130399351
=005  20221208143429.1
=008  150113s2015####pl######r#####00####pol#d
=009  9912956969005606
=015  \\$a2015/01/30
=035  \\$aINFO_055268-48omnis_network
=040  \\$aOLSZT W$cOLSZT W
=041  0\$apol
=100  1\$aMarchewka, Anna
=245  10$a[Księgi Jakubowe - recenzja] /$bAnna Marchewka.
=600  14$aTokarczuk, Olga$d(1962- ).$tKsięgi Jakubowe
=655  \4$aRecenzje literackie
=773  1\$i//$tZadra. -$g2014, nr 3/4, s. 111
=915  \\$a2015/01/30
=916  \\$aMarchewka, Anna   
=955  \4$aRecenzje literackie
  
