=LDR  01061naa#a2200313#u#4500
=001  b0000130403587
=005  20221208143434.0
=008  170227s2017####pl######r#####00####pol#d
=009  9912985575405606
=015  \\$a2017/02/27
=035  \\$aINFO_060044-48omnis_network
=040  \\$aOLSZT W$cOLSZT W
=041  0\$apol
=100  1\$aHolland, Agnieszka.
=245  10$aNie usłyszałam w Niemczech ani jednej złej recenzji filmu "Pokot"/$cAgnieszka Holland ; rozm. przepr. Magdalena Miśka-Jackowska.
=600  14$aHolland, Agnieszka$d(1948- )
=630  04$aPokot (film)
=650  \4$aPowieść polska$xtematyka$y21 w.
=655  \4$aFilm polski$xtematyka$y21 w.
=700  1\$aMiśka-Jackowska, Magdalena$eRozm. przepr.
=720  1\$aJackowska, Magdalena Miśka-.
=773  1\$i//$tAngora. -$g2017, nr 10, s. 19-20
=915  \\$a2017/02/27
=916  \\$aHolland, Agnieszka.   
=918  1\$aMiśka-Jackowska, Magdalena
=930  04$aPokot (film)
=955  \4$aFilm polski$xtematyka$y21 w.
  
