=LDR  00748naa#a2200253#u#4500
=001  b0000130480894
=005  20221207141341.3
=008  161215s1995####pl##################pol#d
=009  9912998479805606
=015  \\$a222
=035  \\$aISISINFO_000254-48omnis_network
=040  \\$aOLSZT W$cOLSZT W
=100  1\$aTokarczuk, Olga
=245  10$aZdarzyło się i już /$cOlga Tokarczuk.
=300  \\$aportr.
=650  \4$aTokarczuk Olga
=700  1\$aUrbanek, Mariusz.$eRozm. przepr.
=770  \0$tPolityka Kultura
=773  0\$i//$tPolityka. -$g1995, nr 20, dod. Polityka Kultura, nr 5, s. I, VI.
=915  \\$a222
=916  \\$aTokarczuk, Olga   
=918  1\$aUrbanek, Mariusz.
  
