=LDR  00714naa#a2200241#u#4500
=001  b0000130481292
=005  20221207141304.4
=008  161215s1995####pl##################pol#d
=009  9912996726805606
=015  \\$a619
=035  \\$aISISINFO_000765-48omnis_network
=040  \\$aOLSZT W$cOLSZT W
=100  1\$aTokarczuk, Olga
=245  10$aJest jakiś wyraźny wzór nad nami /$cOlga Tokarczuk.
=300  \\$aportr.
=650  \4$aTokarczuk Olga
=700  1\$aKosińska, Agnieszka$eRozm. przepr.
=773  0\$i//$tDekada Lit.. -$g1995, nr 3, s. 3,12-13.
=915  \\$a619
=916  \\$aTokarczuk, Olga   
=918  1\$aKosińska, Agnieszka
  
