=LDR  02362naa#a2200589#u#4500
=001  b0000130481338
=005  20221207141320.5
=008  161215s19961998pl##################pol#d
=009  9912996274605606
=015  \\$a665
=035  \\$aISISINFO_000820-48omnis_network
=040  \\$aOLSZT W$cOLSZT W
=100  1\$aTokarczuk, Olga
=245  10$aE.E. /$cOlga Tokarczuk.
=260  \\$aWarszawa :$bPaństw. Instytut Wydaw. ,$c1995.
=650  \4$aTokarczuk Olga$xE.E.
=700  1\$aMizerkiewicz, Tomasz.$eRec.
=700  1\$aHelbig, Brigitta$d(1963- )$eRec.
=700  1\$aKociuba, Grzegorz.$eRec.
=700  1\$aZiemkiewicz, Rafał A..$eRec.
=700  1\$aWilengowska, Joanna.$eRec.
=700  1\$aBaner, Zbigniew.$eRec.
=700  1\$aSzaruga, Leszek.$eRec.
=740  02$aProblemy tożsamości
=740  02$aHisteria historii i historia histerii
=740  02$aDyskretny urok spirytyzmu
=740  02$aChwile z medium
=740  02$aDusza i ciało Enmmy Eltzner
=740  02$aLekka, łatwa i przyjemna
=740  02$aZapomniany język przeczuć
=740  02$aE.E. Kwadrans
=787  0\$iRec.$a"Piekło krwawe" / Agnieszka Czachowska //$tTwórczość$g1996, nr 1, s. 100-102.
=787  0\$iRec.$aProblemy tożsamości / Leszek Szaruga //$tSycyna$g1996, nr 33, s. 17.
=787  0\$iRec.$aE.E. Kwadrans / Tomasz Mizerkiewicz //$tArkusz$g1996, nr 2, s. 10-11.
=787  0\$iRec.$aZapomniany język przeczuć / Zbigniew Baner //$tNowe Książ.$g1996, nr 3, s. 13.
=787  0\$iRec.$aDusza i ciało Enmmy Eltzner / Joanna Wilengowska //$tPortret$g1996, nr 2, s. 49.
=787  0\$iRec.$aChwile z medium / Rafał A. Ziemkiewicz //$tNowa Fantast.$g1996, nr 5, s. 70.
=787  0\$iRec.$aDyskretny urok spirytyzmu / Grzegorz Kociuba //$tAkcent$g1996, nr 3, s. 158-160.
=915  \\$a665
=916  \\$aTokarczuk, Olga   
=918  1\$aMizerkiewicz, Tomasz.
=918  1\$aHelbig, Brigitta$d(1963- )
=918  1\$aKociuba, Grzegorz.
=918  1\$aZiemkiewicz, Rafał A..
=918  1\$aWilengowska, Joanna.
=918  1\$aBaner, Zbigniew.
=918  1\$aSzaruga, Leszek.
  
