=LDR  00916naa#a2200289#u#4500
=001  b0000130483136
=005  20221207141249.5
=008  161215s1995####pl##################pol#d
=009  9912959274905606
=015  \\$a2459
=035  \\$aISISINFO_003051-48omnis_network
=040  \\$aOLSZT W$cOLSZT W
=100  1\$aZieniewicz, Andrzej
=245  10$aBabski przełom /$cAndrzej Zieniewicz.
=300  \\$bil.
=520  \\$aWspółczesna literatura kobieca: Izabela Filipiak, Manuela Gretkowska, Olga Tokarczuk, Natasza Goerke
=650  \4$aLiteratura współczesna$xPolska
=650  \4$aLiteratura polska$xsocjologia$yod 1989 r.
=650  \4$aKobieta$xsztuka
=650  \4$aGretkowska Manuela
=650  \4$aTokarczuk Olga
=650  \4$aGoerke Natasza
=773  0\$i//$tWiad. Kult.. -$g1995, nr 29, s. 11.
=915  \\$a2459
=916  \\$aZieniewicz, Andrzej   
  
