=LDR  01067naa#a2200349#u#4500
=001  b0000130483284
=005  20221207141330.7
=008  161215s1995####pl##################pol#d
=009  9912961325005606
=015  \\$a2607
=035  \\$aISISINFO_003219-48omnis_network
=040  \\$aOLSZT W$cOLSZT W
=100  1\$aOramus, Dominika$d(1972- )
=245  10$aTkaczki i dziwaczki /$cDominika Materska, Ewa Popiołek.
=520  \\$aO autorkach młodej prozy polskiej (Gretkowka, Tulli, Bolecka, Goerke)
=650  \4$aBiałołęcka Ewa
=650  \4$aLiteratura polska$yod 1980 r.
=650  \4$aGretkowska Manuela
=650  \4$aTulli Magdalena
=650  \4$aBolecka Anna
=650  \4$aZielińska Marta
=650  \4$aTokarczuk Olga
=650  \4$aGoerke Natasza
=650  \4$aLiteratura współczesna$xPolska
=650  \4$aKobieta$xsztuka
=700  1\$aPopiołek, Ewa
=773  0\$i//$tWiad. Kult.. -$g1995, nr 37, s. 12.
=915  \\$a2607
=916  \\$aOramus, Dominika   (1972- )
=918  1\$aPopiołek, Ewa
  
