=LDR  00929naa#a2200325#u#4500
=001  b0000130483675
=005  20221207141341.3
=008  161215s1995####pl##################pol#d
=009  9912976350805606
=015  \\$a2997
=035  \\$aISISINFO_003677-48omnis_network
=040  \\$aOLSZT W$cOLSZT W
=245  10$aSłownik nowych nazwisk (4) /$cOprac. Leszek Bugajski.
=650  \4$aTokarczuk Olga
=650  \4$aVarga Krzysztof
=650  \4$aTaziak Andrzej
=650  \4$aTryzna Tomek
=650  \4$aTryzna Olga
=650  \4$aSzaper Jakub
=650  \4$aStrumyk Grzegorz
=650  \4$aStasiuk Andrzej
=650  \4$aSobczak Jan
=700  1\$aBugajski, Leszek.$eOprac.
=740  02$aOprac. Leszek Bugajski
=770  \0$tPolityka-Kultura
=773  0\$i//$tPolityka. -$g1995, nr 39, dod. Polityka-Kultura, nr 9, s. IV.
=915  \\$a2997
=918  1\$aBugajski, Leszek.
  
