=LDR  00699naa#a2200217#u#4500
=001  b0000130486529
=005  20221207141341.3
=008  161215s1996####pl##################pol#d
=009  9912965653805606
=015  \\$a5846
=035  \\$aISISINFO_007067-48omnis_network
=040  \\$aOLSZT W$cOLSZT W
=100  1\$aDunin, Kinga
=245  10$aBliskie spotkania z tajemnicą :$bPrzekornie o książkach /$cKinga Dunin.
=520  \\$aO książkach Olgi Tokarczuk "E.E." i "Podróż ludzi księgi"
=650  \4$aTokarczuk Olga$xE.E.
=773  0\$i//$tTwój Styl. -$g1996, nr 1, s. 89.
=915  \\$a5846
=916  \\$aDunin, Kinga   
  
