=LDR  00603naa#a2200217#u#4500
=001  b0000130487845
=005  20221207141249.5
=008  161215s1996####pl##################pol#d
=009  9912950376605606
=015  \\$a7162
=035  \\$aISISINFO_008588-48omnis_network
=040  \\$aOLSZT W$cOLSZT W
=100  1\$aFranaszek, Andrzej
=245  10$aOczy Olgi T. /$cAndrzej Franaszek.
=300  \\$aportr.
=520  \\$aO twórczości Olgi Tokarczuk
=650  \4$aTokarczuk Olga
=773  0\$i//$tNaGłos. -$g1995, nr 21, s. 191-201.
=915  \\$a7162
=916  \\$aFranaszek, Andrzej   
  
