=LDR  00860naa#a2200277#u#4500
=001  b0000130489647
=005  20221208143438.8
=008  161215s1996####pl##################pol#d
=009  9912992775105606
=015  \\$a8963
=035  \\$aISISINFO_010706-48omnis_network
=040  \\$aOLSZT W$cOLSZT W
=100  1\$aKraskowska, Ewa
=245  10$aW świetle pokwitających dziewcząt /$cEwa Kraskowska.
=300  \\$bil.
=520  \\$aBohaterki współczesnych powieści (na przykładach z powieści Tryzny, Tokarczuk i Filipiak)
=650  \4$aKobieta$xliteratura
=650  \4$aLiteratura$xtematyka
=650  \4$aTryzna Tomek
=650  \4$aTokarczuk Olga
=650  \4$aFilipiak Izabela
=773  0\$i//$tArkusz. -$g1996, nr 4, s. 10-11.
=915  \\$a8963
=916  \\$aKraskowska, Ewa   
  
