=LDR  00695naa#a2200241#u#4500
=001  b0000130491612
=005  20221207141330.7
=008  161215s1996####pl##################pol#d
=009  9912945008005606
=015  \\$a10926
=035  \\$aISISINFO_012994-48omnis_network
=040  \\$aOLSZT W$cOLSZT W
=100  1\$aOramus, Dominika$d(1972- )
=245  10$aCzas Tokarczuk /$cDominika Materska, Ewa Popiołek.
=300  \\$aportr.
=520  \\$aTwórczość Olgi Tokarczuk
=650  \4$aTokarczuk Olga
=700  1\$aPopiołek, Ewa
=773  0\$i//$tWiad. Kult.. -$g1996, nr 26, s. 12.
=915  \\$a10926
=916  \\$aOramus, Dominika   (1972- )
=918  1\$aPopiołek, Ewa
  
