=LDR  01461naa#a2200385#u#4500
=001  b0000130491873
=005  20221208143424.1
=008  161215s19981999pl##################pol#d
=009  9912965964405606
=015  \\$a11185
=035  \\$aISISINFO_013300-48omnis_network
=040  \\$aOLSZT W$cOLSZT W
=100  1\$aTokarczuk, Olga
=245  10$aPrawiek i inne czasy /$cOlga Tokarczuk.
=260  \\$aWarszawa :$bWydaw. W.A.B. ,$c1996.
=650  \4$aTokarczuk Olga$xPrawiek i inne czasy
=700  1\$aMadeyska, Ewa.$eRec.
=700  1\$aDutka, Staszek$eRec.
=700  1\$aKorn, Leon$eRec.
=740  02$aWiecie choć gdzie Prawiek leży?
=740  02$aWokół prawieku
=740  02$aKsiążka, która może oczarować
=787  0\$iRec.$aWiecie choć gdzie Prawiek leży? / Michał Hanczakowski //$tArcana$g1998, nr 3(21), s. 217-221.
=787  0\$iRec.$aWokół prawieku / Leon Korn //$tBundestrasse 1$g1998, nr 11, s. 96-97.
=787  0\$iRec.$aKsiążka, która może oczarować / Ewa Madeyska //$tPolonistyka$g1999, nr 9, s. 569-570.
=915  \\$a11185
=916  \\$aTokarczuk, Olga   
=918  1\$aMadeyska, Ewa.
=918  1\$aDutka, Staszek
=918  1\$aKorn, Leon
  
