=LDR  00684naa#a2200241#u#4500
=001  b0000130497325
=005  20221207141304.4
=008  161215s1997####pl##################pol#d
=009  9912941282605606
=015  \\$a16634
=035  \\$aISISINFO_019526-48omnis_network
=040  \\$aOLSZT W$cOLSZT W
=100  1\$aTokarczuk, Olga
=245  10$aPodziemne rzeki /$cOlga Tokarczuk.
=300  \\$aportr.
=650  \4$aTokarczuk Olga
=700  1\$aŁęcka, Gabriela$eRozm. przepr.
=773  0\$i//$tPolityka. -$g1997, nr 4, s. 46-48.
=915  \\$a16634
=916  \\$aTokarczuk, Olga   
=918  1\$aŁęcka, Gabriela
  
