=LDR  00726naa#a2200229#u#4500
=001  b0000130498270
=005  20221207141249.5
=008  161215s1997####pl##################pol#d
=009  9912987933305606
=015  \\$a17578
=035  \\$aISISINFO_020604-48omnis_network
=040  \\$aOLSZT W$cOLSZT W
=100  1\$aMartwicki, Krzysztof
=245  10$aLiteracka teologia codzienności /$cKrzysztof Martwicki.
=520  \\$aO codzienności i sprawach ostatecznych w utworach A. Stasiuka, J. Baczaka i O. Tokarczuk
=650  \4$aStasiuk Andrzej
=650  \4$aTokarczuk Olga
=773  0\$i//$tWięź. -$g1997, nr 2, s. 89-101.
=915  \\$a17578
=916  \\$aMartwicki, Krzysztof   
  
