=LDR  00735naa#a2200229#u#4500
=001  b0000130498319
=005  20221207141330.7
=008  161215s1997####pl##################pol#d
=009  9912987995105606
=015  \\$a17627
=035  \\$aISISINFO_020655-48omnis_network
=040  \\$aOLSZT W$cOLSZT W
=100  1\$aBugajska, Stefania
=245  10$aOpis i zmyślanie /$cStefania Bugajska.
=300  \\$aportr.
=520  \\$aO powieściach Olgi Tokarczuk "Prawiek i inne czasy" i "Podróż Ludzi Księgi"
=650  \4$aTokarczuk Olga$xPrawiek i inne czasy
=773  0\$i//$tWiad. Kult.. -$g1997, nr 6, s. 20.
=915  \\$a17627
=916  \\$aBugajska, Stefania   
  
