=LDR  00970naa#a2200289#u#4500
=001  b0000130498385
=005  20221208143424.1
=008  161215s1996####pl##################pol#d
=009  9912965451705606
=015  \\$a17693
=035  \\$aISISINFO_020733-48omnis_network
=040  \\$aOLSZT W$cOLSZT W
=100  1\$aBorkowska, Grażyna
=245  10$a"Wyskrobać" starą zaprawę z pomnika polskiej literatury... :$bO "młodej" prozie kobiecej /$cGrażyna Borkowska.
=520  \\$aM.in.: M. Gretkowska, N. Goerke, I. Filipiak, O. Tokarczuk
=650  \4$aKobieta$xsztuka
=650  \4$aFeminizm$xliteratura
=650  \4$aLiteratura polska$xhistoria$yod 1989 r.
=650  \4$aGretkowska Manuela
=650  \4$aGoerke Natasza
=650  \4$aTokarczuk Olga
=650  \4$aLiteratura współczesna$xPolska
=773  0\$i//$tTeksty Drugie. -$g1996, nr 5, s. 55-67.
=915  \\$a17693
=916  \\$aBorkowska, Grażyna   
  
