=LDR  00707naa#a2200229#u#4500
=001  b0000130502651
=005  20221207141304.4
=008  161215s1997####pl##################pol#d
=009  9912964255105606
=015  \\$a21958
=035  \\$aISISINFO_025539-48omnis_network
=040  \\$aOLSZT W$cOLSZT W
=100  10$aDunin-Wąsowicz, Paweł
=245  10$aCzas Olgi /$cPaweł Dunin-Wąsowicz, Jarosław Klejnocki.
=300  \\$bil.
=520  \\$aOlga Tokarczuk
=650  \4$aTokarczuk Olga
=653  \\$aWąsowicz, Paweł zob. Dunin-Wąsowicz, Paweł7001.$aKlejnocki, Jarosław
=773  0\$i//$tMachina. -$g1997, nr 4, s. 72-74.
=915  \\$a21958
=916  \\$aDunin-Wąsowicz, Paweł   
  
