=LDR  00683naa#a2200241#u#4500
=001  b0000130503801
=005  20221207141249.5
=008  161215s1997####pl##################pol#d
=009  9912965872905606
=015  \\$a23106
=035  \\$aISISINFO_026835-48omnis_network
=040  \\$aOLSZT W$cOLSZT W
=100  1\$aTokarczuk, Olga
=245  10$aCzas Olgi /$cOlga Tokarczuk.
=300  \\$aportr.
=650  \4$aTokarczuk Olga
=700  1\$aSobolewska, Justyna.$eRozm. przepr.
=773  0\$i//$tŻycie. -$g1997, nr 241, s. 10.
=915  \\$a23106
=916  \\$aTokarczuk, Olga   
=918  1\$aSobolewska, Justyna.
  
