=LDR  00953naa#a2200277#u#4500
=001  b0000130503823
=005  20221207141249.5
=008  161215s1997####pl##################pol#d
=009  9912965887905606
=015  \\$a23128
=035  \\$aISISINFO_026860-48omnis_network
=040  \\$aOLSZT W$cOLSZT W
=245  10$aNagroda Nike :$b[Zest. art.].
=300  \\$aportr.
=520  \\$aOmówienie nominowanych do nagrody Nike książek i ich autorów (Olga Tokarczuk, Tadeusz Różewicz, Michał Głowiński, Andrzej Walicki, Wilhelm Dichter, Zbigniew Kruszyński, Wiesław Myśliwski)
=650  \4$aKruszyński Zbigniew
=650  \4$aNagrody literackie$xPolska
=650  \4$aTokarczuk Olga
=650  \4$aRóżewicz Tadeusz
=650  \4$aWalicki Andrzej
=650  \4$aDichter Wilhelm
=650  \4$aMyśliwski Wiesław
=773  0\$i//$tGaz. Wyborcza. -$g1997, nr 239, s. 14-15.
=915  \\$a23128
  
