=LDR  00590naa#a2200217#u#4500
=001  b0000130503940
=005  20221207141341.3
=008  161215s1997####pl##################pol#d
=009  9912997284605606
=015  \\$a23245
=035  \\$aISISINFO_026997-48omnis_network
=040  \\$aOLSZT W$cOLSZT W
=100  1\$aTokarczuk, Olga
=245  10$aOpowieść o sobie /$cOlga Tokarczuk.
=300  \\$aportr.
=520  \\$aWyznania pisarki
=650  \4$aTokarczuk Olga
=773  0\$i//$tMag. Lit.. -$g1997, nr 3/4, s. 32-38.
=915  \\$a23245
=916  \\$aTokarczuk, Olga   
  
