=LDR  00676naa#a2200241#u#4500
=001  b0000130505693
=005  20221207141330.7
=008  161215s1997####pl##################pol#d
=009  9912990729605606
=015  \\$a24997
=035  \\$aISISINFO_028996-48omnis_network
=040  \\$aOLSZT W$cOLSZT W
=100  1\$aTokarczuk, Olga
=245  10$aNie ma mnie jednej /$cOlga Tokarczuk.
=300  \\$aportr.
=650  \4$aTokarczuk Olga
=700  1\$aBaran, Józef$eRozm. przepr.
=773  0\$i//$tSycyna. -$g1997, nr 24(78), s. 3-4.
=915  \\$a24997
=916  \\$aTokarczuk, Olga   
=918  1\$aBaran, Józef
  
