=LDR  00753naa#a2200217#u#4500
=001  b0000130506407
=005  20221207141330.7
=008  161215s1998####pl##################pol#d
=009  9912965161905606
=015  \\$a25710
=035  \\$aISISINFO_029835-48omnis_network
=040  \\$aOLSZT W$cOLSZT W
=100  1\$aGórnicka-Boratyńska, Aneta
=245  10$aOpowieści ze środka wszechświata /$cAneta Górnicka-Boratyńska.
=520  \\$aO "Prawieku i innych czasach" Olgi Tokarczuk i "Widnokręgu" Myśliwskiego
=650  \4$aTokarczuk Olga$xPrawiek i inne czasy
=773  0\$i//$tRes Pub. Nowa. -$g1998, nr 1, s. 45-50.
=915  \\$a25710
=916  \\$aGórnicka-Boratyńska, Aneta   
  
