=LDR  00640naa#a2200205#u#4500
=001  b0000130506576
=005  20221207141330.7
=008  161215s1998####pl##################pol#d
=009  9912986418905606
=015  \\$a25879
=035  \\$aISISINFO_030022-48omnis_network
=040  \\$aOLSZT W$cOLSZT W
=100  1\$aLegeżyńska, Anna
=245  10$aMłynek do kawy i inne modele kosmosu /$cAnna Legeżyńska.
=520  \\$a"Prawiek i inne czasy" Olgi Tokarczuk
=650  \4$aTokarczuk Olga$xPrawiek i inne czasy
=773  0\$i//$tPolonistyka. -$g1998, nr 2, s. 115-117.
=915  \\$a25879
=916  \\$aLegeżyńska, Anna   
  
