=LDR  00556naa#a2200205#u#4500
=001  b0000130506828
=005  20221207141304.4
=008  161215s1997####pl##################pol#d
=009  9912985932505606
=015  \\$a26131
=035  \\$aISISINFO_030305-48omnis_network
=040  \\$aOLSZT W$cOLSZT W
=100  1\$aKondratowicz, Ada
=245  10$aABC Olgi Tokarczuk /$cAda Kondratowicz.
=300  \\$aportr.
=650  \4$aTokarczuk Olga
=773  0\$i//$tCogito. -$g1997, nr 20, s. 23.
=915  \\$a26131
=916  \\$aKondratowicz, Ada   
  
