=LDR  02372naa#a2200577#u#4500
=001  b0000130508257
=005  20221208143443.6
=008  161215s19971998pl##################pol#d
=009  9912991937005606
=015  \\$a27560
=035  \\$aISISINFO_031907-48omnis_network
=040  \\$aOLSZT W$cOLSZT W
=100  1\$aTokarczuk, Olga
=245  10$aSzafa /$cOlga Tokarczuk.
=260  \\$aLublin :$bWyd. UMCS ,$c1997.
=650  \4$aTokarczuk Olga$xSzafa
=700  1\$aCieślik, Mariusz$eRec.
=700  1\$aCzachowska, Agnieszka$eRec.
=700  1\$aPoczekaj, Robert$eRec.
=700  1\$aJentys, Maria.$eRec.
=700  1\$aRabizo-Birek, Magdalena.$eRec.
=700  1\$aNowicki, Bogdan$eRec.
=700  1\$aKlejnocki, Jarosław.$eRec.
=740  02$aŚwiat jest hotelem, niedopałkiem, śladem szminki na szklance
=740  02$aWłasne światy
=740  02$aCreator Mundi
=740  02$aTrzy opowiastki filozoficzne
=740  02$aKomputer, numery i stara szafa
=740  02$aWobec tajemnicy wielkiego trwania
=740  02$aDeux ex Armario
=787  0\$iRec.$aŚwiat jest hotelem, niedopałkiem, śladem szminki na szklance / Mirosław Piwowarek //$tŻycie Warsz.$g1998, nr 32, Sobota, 10.
=787  0\$iRec.$aCały świat w szafie / Mariusz Cieślik //$tPolityka$g1998, nr 18, s. 64, portr..
=787  0\$iRec.$aDeux ex Armario / Jarosław Klejnocki //$tFA-art$g1998, nr 1/2, s. 47-49.
=787  0\$iRec.$aWobec tajemnicy wielkiego trwania / Bogdan Nowicki //$tOpcje$g1998, nr 2, s. 111-112.
=787  0\$iRec.$aKomputer, numery i stara szafa / Magdalena Rabizo-Birek //$tTwórczość$g1998, nr 7, s. 112-115.
=787  0\$iRec.$aTrzy opowiastki filozoficzne / Maria Jentys //$tSycyna$g1998, nr 14(92), s. 17.
=787  0\$iRec.$aCreator Mundi / Robert Poczekaj //$tCzas Kult.$g1998, nr 3, s. 128-129.
=915  \\$a27560
=916  \\$aTokarczuk, Olga   
=918  1\$aCieślik, Mariusz
=918  1\$aCzachowska, Agnieszka
=918  1\$aPoczekaj, Robert
=918  1\$aJentys, Maria.
=918  1\$aRabizo-Birek, Magdalena.
=918  1\$aNowicki, Bogdan
=918  1\$aKlejnocki, Jarosław.
  
