=LDR  00670naa#a2200229#u#4500
=001  b0000130510282
=005  20221208143438.8
=008  161215s1998####pl##################pol#d
=009  9912967165705606
=015  \\$a29585
=035  \\$aISISINFO_034148-48omnis_network
=040  \\$aOLSZT W$cOLSZT W
=100  1\$aWojewoda, Beata
=245  10$aObrazy Boga w prozie Olgi Tokarczuk /$cBeata Wojewoda.
=650  \4$aTokarczuk Olga
=650  \4$aBóg$xliteratura
=650  \4$aLiteratura$xtematyka
=773  0\$i//$tKresy. -$g1998, nr 1(33), s. 220-226.
=915  \\$a29585
=916  \\$aWojewoda, Beata   
  
