=LDR  01084naa#a2200337#u#4500
=001  b0000130510577
=005  20221207141320.5
=008  161215s1998####pl##################pol#d
=009  9912970026205606
=015  \\$a29880
=035  \\$aISISINFO_034493-48omnis_network
=040  \\$aOLSZT W$cOLSZT W
=100  1\$aNasiłowska, Anna$d(1958- )
=245  10$aPo co nam feminizm? /$cAnna Nasiłowska.
=520  \\$aPolskie pisarki feministki: K. Kofta, A. i M. Bojarskie, I. Filipiak, M. Gretkowska, N. Goerke, O. Tokarczuk, Z. Rudzka
=650  \4$aTokarczuk Olga
=650  \4$aFeminizm$xliteratura
=650  \4$aLiteratura kobieca polska$yod 1980 r.
=650  \4$aKofta Krystyna
=650  \4$aBojarska Anna
=650  \4$aBojarska Maria
=650  \4$aGretkowska Manuela
=650  \4$aGoerke Natalia
=650  \4$aRudzka Zyta
=650  \4$aKobieta$xsztuka
=650  \4$aLiteratura współczesna$xPolska
=773  0\$i//$tMag. Lit.. -$g1998, nr 1, s. 51-54.
=915  \\$a29880
=916  \\$aNasiłowska, Anna   (1958- )
  
