=LDR  02194nam#a2200445#u#4500
=001  b0000130514199
=005  20221207141320.5
=008  161215s1997####pl##################pol#d
=009  9912950158705606
=015  \\$a33501
=035  \\$aISISINFO_038609-48omnis_network
=040  \\$aOLSZT W$cOLSZT W
=100  1\$aGawlikowska, Joanna
=245  10$aPrzeboje prozy XX wieku /$cJoanna Gawlikowska.
=260  \\$aGoleszów :$b"Innowacje" ,$c1997.
=520  \\$aZawiera: Postmodernizm - klucz do powieści XX wieku (szkic) oraz analizy powieści: L. Sterne - Życie i myśli J.W. Pana Tristrama Shandy. - J.L. Borges - Alef. - J. Cortazar - Gra w klasy. - G. Garcia Marquez - Sto lat samotności i Miłość w czasach zarazy. - M. Kundera - Walc pożegnalny. - P. Süskind - Pachnidło. - U. Eco - Imię róży. - K. Vonnegut - Śniadanie mistrzów. - V. Nabokov - Lolita. - P. Huelle - Weiser Dawidek. - St. Chwin - Hanemann. - T. Tryzna - Panna Nikt. - M. Tulli - Sny i kamienie. - J. Pilch - Inne rozkosze. - A. Stasiuk - Biały kruk. - O. Tokarczuk - E.E. i Prawiek i inne czasy. - M. Gretkowska - Kabaret metafizyczny. - J. Baczak - Zapiski z nocnych dyżurów
=650  \4$aChwin Stefan$xHanemann
=650  \4$aGretkowska Manuela$xKabaret metafizyczny
=650  \4$aHuelle Paweł$xWeiser Dawidek
=650  \4$aVonnegut Kurt$xŚniadanie mistrzów
=650  \4$aEco Umberto$xImię róży
=650  \4$aSüskind Patrick$xPachnidło
=650  \4$aKundera Milan$xWalc pożegnalny
=650  \4$aGarcia Marquez Gabriel$xMiłość w czasach zarazy
=650  \4$aGarcia Marquez Gabriel$xSto lat samotności
=650  \4$aCortazar Julio$xGra w klasy
=650  \4$aBorges Jorge Luis$xAlef
=650  \4$aPowieść
=650  \4$aPostmodernizm
=650  \4$aBaczak Jacek$xZapiski z nocnych dyżurów
=650  \4$aTokarczuk Olga$xE.E.
=650  \4$aTokarczuk Olga$xPrawiek i inne czasy
=650  \4$aStasiuk Andrzej$xBiały kruk
=650  \4$aPilch Jerzy$xInne rozkosze
=650  \4$aTulli Magdalena$xSny i kamienie
=650  \4$aNabokov Vladimir$xLolita
=915  \\$a33501
=916  \\$aGawlikowska, Joanna   
  
