=LDR  00470naa#a2200181#u#4500
=001  b0000130514297
=005  20221207141341.3
=008  161215s1998####pl##################pol#d
=009  9912949256505606
=015  \\$a33598
=035  \\$aISISINFO_038718-48omnis_network
=040  \\$aOLSZT W$cOLSZT W
=245  10$aNostalgie Olgi Tokarczuk.
=300  \\$aportr.
=650  \4$aTokarczuk Olga
=773  0\$i//$tForum. -$g1998, nr 45, s. 18.
=915  \\$a33598
  
