=LDR  02628nam#a2200433#u#4500
=001  b0000130514871
=005  20221208143429.1
=008  161215s1998####pl##################pol#d
=009  9912962186505606
=015  \\$a34171
=035  \\$aISISINFO_039385-48omnis_network
=040  \\$aOLSZT W$cOLSZT W
=100  1\$aBortnowski, Stanisław
=245  10$aScenariusze półwariackie czyli poezja współczesna w szkole /$cStanisław Bortnowski.
=260  \\$aWarszawa :$b"Stentor" ,$c1998.
=520  \\$aTreść : Okno.
=650  \4$aPoezja
=650  \4$aHerbert Zbigniew$xPan Cogito a ruch myśli
=650  \4$aSzymborska Wisława$xCień
=650  \4$aSzymborska Wisława$xCebula
=650  \4$aSzymborska Wisława$xKamyk
=650  \4$aSzymborska Wisława$xUrodziny
=650  \4$aSzymborska Wisława$xNagrobek
=650  \4$aSzymborska Wisława$xNiektórzy lubią poezję
=650  \4$aLeśmian Bolesław$xOdjazd
=650  \4$aTuwim Julian$xRwanie bzu
=650  \4$aNagrody Nobla, literackie
=650  \4$aNagrody literackie
=650  \4$aTokarczuk Olga$xPrawiek i inne czasy
=650  \4$aBiałoszewski Miron$xjęzyk
=650  \4$aGrochowiak Stanisław$xRozbieranie do snu
=650  \4$aBaczyński Krzysztof Kamil$xBiała magia
=650  \4$aPrzyboś Julian$xOdjazd
=740  02$aOkno
=915  \\$a34171
=916  \\$aBortnowski, Stanisław   
  
