=LDR  04481naa#a2201045#u#4500
=001  b0000130515002
=005  20221207141341.3
=008  161215s19992000pl##################pol#d
=009  9912966113005606
=015  \\$a34299
=035  \\$aISISINFO_039529-48omnis_network
=040  \\$aOLSZT W$cOLSZT W
=100  1\$aTokarczuk, Olga
=245  10$aDom dzienny, dom nocny /$cOlga Tokarczuk.
=260  \\$aWałbrzych :$b"Ruta" ,$c1998.
=650  \4$aTokarczuk Olga$xDom dzienny, dom nocny
=700  1\$aEberhardt, Grzegorz.$eRec.
=700  1\$aDöbler, Katharina.$eRec.
=700  1\$aŚwiderski, Bronisław.$eRec.
=700  1\$aLange, Tomasz$eRec.
=700  1\$aOrski, Mieczysław.$eRec.
=700  1\$aChłosta, Joanna$eRec.
=700  1\$aŁukosz, Jerzy.$eRec.
=700  1\$aLengren, Magda$eRec.
=700  1\$aOrski, Mieczysław.$eRec.
=700  1\$aOrska, Joanna$eRec.
=700  1\$aJarecki, Andrzej$eRec.
=700  1\$aKoźbiel, Joanna.$eRec.
=700  1\$aCzachowska, Agnieszka$eRec.
=700  1\$aNowacki, Dariusz$eRec.
=700  1\$aMasłoń, Krzysztof.$eRec.
=700  1\$aSzaket, Jan$eRec.
=700  1\$aCzapliński, Przemysław$eRec.
=740  02$aDom na rzece
=740  02$aMieszanie światów
=740  02$aŻycie snem Olgi Tokarczuk
=740  02$aKsiążka - dom
=740  02$aO czym mówi kobieta kobiecie
=740  02$aO prozie Olgi Tokarczuk
=740  02$aŚwiat wciąż do opisania
=740  02$aJasnowidz i czarnowidz
=740  02$aMozaika pejzażu. Poetycki portret Ziemi Kłodzkiej
=740  02$aOpowieści noworudzkie
=740  02$aKsięga przemian bolesnych
=740  02$aJest o czym mówić
=740  02$aNa wsi świata
=740  02$aTort dla szlifierzy
=740  02$aNiezgoda na istnienie
=740  02$aUkryte sygnały historii
=787  0\$iRec.$aŻycie snem Olgi Tokarczuk / Mieczysław Orski //$tArkusz$g1999, nr 8, s. 7.
=787  0\$iRec.$aKsięga przemian bolesnych / Joanna Koźbiel //$tSycyna$g1999, nr 3/4(105/106), s. 19.
=787  0\$iRec.$aKsiążka - dom / Magda Lengren //$tTwórczość$g1999, nr 11, s. 127-129.
=787  0\$iRec.$aJerzy Łukosz //$tTwórczość$g1999, nr 11, s. 146-147.
=787  0\$iRec.$aO czym mówi kobieta kobiecie / Joanna Chłosta //$tPortret$g1999, nr 8/9, s. 111-112.
=787  0\$iRec.$aO prozie Olgi Tokarczuk / Mieczysław Orski //$tPrz. Powsz.$g1999, nr 11, s. 238-240.
=787  0\$iRec.$aŚwiat wciąż do opisania / Tomasz Lange //$tKartki$g1999, nr 2(20), s. 103-104.
=787  0\$iRec.$aJasnowidz i czarnowidz / Bronisław Świderski //$tRes Pub. Nowa$g2000, nr 1/2, s. 108-110.
=787  0\$iRec.$aMozaika pejzażu. Poetycki portret Ziemi Kłodzkiej / Katharina Döbler //$tDialog. Mag. Pol.-Niem.$g2002, nr 61, s. 102.
=787  0\$iRec.$aDom na rzece / Grzegorz Eberhardt //$tTyg. Solid.$g1999, nr 29, s. 18.
=787  0\$iRec.$aKosmologia Kotliny Kłodzkiej / Joanna Orska //$tOdra$g1999, nr 6, s. 132-133.
=787  0\$iRec.$aOpowieści noworudzkie / Andrzej Jarecki //$tStudium$g1999, nr 1/2, s. 181-184.
=787  0\$iRec.$aMieszanie światów / Agnieszka Czachowska //$tRes Pub. Nowa$g1999, nr 4, s. 57-60.
=787  0\$iRec.$aJest o czym mówić / Dariusz Nowacki //$tFA-art$g1999, nr 1, s. 43-45.
=787  0\$iRec.$aNa wsi świata / Krzysztof Masłoń //$tMag. Lit.$g1999, nr 2, s. 3-4.
=787  0\$iRec.$aTort dla szlifierzy / Jan Szaket //$tDekada Lit.$g1999, nr 4, s. 15-16.
=787  0\$iRec.$aNiezgoda na istnienie / Przemysław Czapliński //$tTyg. Powsz.$g1999, nr 8, s. 8, portr..
=915  \\$a34299
=916  \\$aTokarczuk, Olga   
=918  1\$aEberhardt, Grzegorz.
=918  1\$aDöbler, Katharina.
=918  1\$aŚwiderski, Bronisław.
=918  1\$aLange, Tomasz
=918  1\$aOrski, Mieczysław.
=918  1\$aChłosta, Joanna
=918  1\$aŁukosz, Jerzy.
=918  1\$aLengren, Magda
=918  1\$aOrski, Mieczysław.
=918  1\$aOrska, Joanna
=918  1\$aJarecki, Andrzej
=918  1\$aKoźbiel, Joanna.
=918  1\$aCzachowska, Agnieszka
=918  1\$aNowacki, Dariusz
=918  1\$aMasłoń, Krzysztof.
=918  1\$aSzaket, Jan
=918  1\$aCzapliński, Przemysław
  
