=LDR  00640naa#a2200229#u#4500
=001  b0000130516575
=005  20221207141304.4
=008  161215s1999####pl##################pol#d
=009  9912998787205606
=015  \\$a35871
=035  \\$aISISINFO_041260-48omnis_network
=040  \\$aOLSZT W$cOLSZT W
=100  1\$aZaworska, Helena
=245  10$aOlga i Manuela /$cHelena Zaworska.
=300  \\$aportr.
=520  \\$aOlga Tokarczuk i Manuela Gretkowska
=650  \4$aTokarczuk Olga
=773  0\$i//$tWprost. -$g1999, nr 8, s. 110-111.
=915  \\$a35871
=916  \\$aZaworska, Helena   
  
