=LDR  00771naa#a2200241#u#4500
=001  b0000130516820
=005  20221208143429.1
=008  161215s1999####pl##################pol#d
=009  9912965050805606
=015  \\$a36116
=035  \\$aISISINFO_041552-48omnis_network
=040  \\$aOLSZT W$cOLSZT W
=100  1\$aTokarczuk, Olga
=245  10$aŹle się uczyłam historii /$cOlga Tokarczuk.
=650  \4$aTokarczuk Olga
=700  1\$aChmielewski, Wojciech$eRozm. przepr.
=770  \0$tRzeczpospolita i Książki
=773  0\$i//$tRzeczpospolita. -$g1999, nr 58, dod. Rzeczpospolita i Książki, nr 52, s. 1.
=915  \\$a36116
=916  \\$aTokarczuk, Olga   
=918  1\$aChmielewski, Wojciech
  
