=LDR  01514naa#a2200421#u#4500
=001  b0000130516925
=005  20221208143429.1
=008  161215s1999####pl##################pol#d
=009  9912984728205606
=015  \\$a36221
=035  \\$aISISINFO_041676-48omnis_network
=040  \\$aOLSZT W$cOLSZT W
=100  1\$aWiedemann, Adam
=245  10$aTwórczość literacka pisarzy śląskich w dziesięcioleciu III Rzeczypospolitej /$cAdam Wiedemann, Filip Zawada.
=520  \\$aPisarze: Karol Maliszewski, Maciej Melecki, Tomasz Majeran, Tomasz Hrynacz, Bartłomiej Majzel, Jacek Podsiadło, Krzysztof Śliwka, Marta Podgórnik, Adam Borowski, Krzysztof Siwczyk, Aleksandra Wojtkiewicz, Piotr Czerniawski, Janusz Rudnicki, Roman Praszyński, Olga Tokarczuk, Jerzy Łukosz, Tomek Tryzna
=650  \4$aBorowski Adam
=650  \4$aCzerniawski Piotr
=650  \4$aSiwczyk Krzysztof
=650  \4$aŚliwka Krzysztof
=650  \4$aMajzel Bartłomiej
=650  \4$aHrynacz Tomasz
=650  \4$aMajeran Tomasz
=650  \4$aMelecki Maciej
=650  \4$aMaliszewski Karol
=650  \4$aWojtkiewicz Aleksandra
=650  \4$aPraszyński Roman
=650  \4$aTokarczuk Olga
=650  \4$aRudnicki Janusz
=650  \4$aŁukosz Jerzy
=650  \4$aTryzna Tomek
=650  \4$aKęder Cezary K.
=700  1\$aZawada, Filip
=773  0\$i//$tFA-art. -$g1999, nr 1, s. 82-94.
=915  \\$a36221
=916  \\$aWiedemann, Adam   
=918  1\$aZawada, Filip
  
