=LDR  00799naa#a2200265#u#4500
=001  b0000130517917
=005  20221208143424.1
=008  161215s1999####pl##################pol#d
=009  9912942306005606
=015  \\$a37213
=035  \\$aISISINFO_042744-48omnis_network
=040  \\$aOLSZT W$cOLSZT W
=100  1\$aTokarczuk, Olga
=245  10$aZmarszczki świata /$cOlga Tokarczuk.
=300  \\$aportr.
=650  \4$aTokarczuk Olga
=700  1\$aKlejnocki, Jarosław.$eRozm. przepr.
=773  0\$i//$tPolityka. -$g1999, nr 14, s. 60-61.
=915  \\$a37213
=916  \\$aTokarczuk, Olga   
=918  1\$aKlejnocki, Jarosław.
  
