=LDR  00567naa#a2200217#u#4500
=001  b0000130523124
=005  20221207141304.4
=008  161215s1999####pl##################pol#d
=009  9912969330405606
=015  \\$a42423
=035  \\$aISISINFO_048641-48omnis_network
=040  \\$aOLSZT W$cOLSZT W
=100  1\$aWolny, Maja
=245  10$aDom Olgi /$cMaja Wolny.
=300  \\$bil.
=520  \\$aDom Olgi Tokarczuk
=650  \4$aTokarczuk Olga
=773  0\$i//$tPolityka. -$g1999, nr 44, s. 100-105.
=915  \\$a42423
=916  \\$aWolny, Maja   
  
