=LDR  00746naa#a2200241#u#4500
=001  b0000130523136
=005  20221207141341.3
=008  161215s1999####pl##################pol#d
=009  9912969315005606
=015  \\$a42435
=035  \\$aISISINFO_048653-48omnis_network
=040  \\$aOLSZT W$cOLSZT W
=100  1\$aTokarczuk, Olga
=245  10$aTyle zła w imię miłości /$cOlga Tokarczuk.
=650  \4$aTokarczuk Olga
=700  1\$aKubisiowska, Katarzyna.$eRozm. przepr.
=770  \0$tPlus Minus
=773  0\$i//$tRzeczpospolita. -$g1999, nr 249, s. D2, dod. Plus Minus, nr 43.
=915  \\$a42435
=916  \\$aTokarczuk, Olga   
=918  1\$aKubisiowska, Katarzyna.
  
