=LDR  03205nam#a2200601#u#4500
=001  b0000130523257
=005  20221207141304.4
=008  161215s1999####pl##################pol#d
=009  9912967071705606
=015  \\$a42556
=035  \\$aISISINFO_048795-48omnis_network
=040  \\$aOLSZT W$cOLSZT W
=100  1\$aNowacki, Dariusz
=245  10$aZawód: czytelnik :$bnotatki o prozie polskiej lat 90. /$cDariusz Nowacki.
=260  \\$aKraków :$b"Znak" ,$c1999.
=520  \\$aTreść: Dwanaście groszy. Wokół prozy polskiej lat dziewięćdziesiątych. Omówienia utworów: Biały kamień - A. Bolecka; Hanemann - S. Chwin; Lustro i kamień - T. Komendant; Dom, sen i gry dziecięce - J. Kornhauser; Dotknięcie wieku - T. Zubiński; W czerwieni, Sny i kamienie - M. Tulli; Chcę, żądam, rozkazuję - D. Bitner; Pst - D. Bitner; Chłopaki nie płaczą, Bildungsroman - K.Varga; A.Stasiuk (twórczość); Szczuropolacy - E. Redliński; Listy z Hamburga - J. Rudnicki; Tryptyk bodeński - K. M. Załuski; Z. Kruszyński (Schwedenkrauter, Szkice historyczne); Szosa warszawska - J. Giszczak; Bądźcie gotowi zwariować - M. Bukowski; Al fine - G. Musiał; Półtraktat o lewitacji - B. Madej; Ostatnia amerykańska powieść - P. Czakański-Sporek; Inne rozkosze, Monolog z lisiej jamy - J. Pilch; Głowa konia - M. Gajdziński; Lekcja geografii - T. Mirkowicz; Plamka światła - P. Krawczyk; Siostra - M. Saramonowicz; Prawiek i inne czas, Dom dzienny, dom nocny - O. Tokarczuk
=650  \4$aTokarczuk Olga$xPrawiek i inne czasy
=650  \4$aProza polska$yod 1989 r.
=650  \4$aLiteratura polska$yod 1989 r.
=650  \4$aBolecka Anna$xBiały kamień
=650  \4$aChwin Stefan$xHanemann
=650  \4$aKomendant Tadeusz$xLustro i kamień
=650  \4$aKornhauser Julian$xDom, sen i gry dziecięce
=650  \4$aZubiński Tadeusz$xDotknięcie wieku
=650  \4$aTulli Magdalena$xW czerwieni
=650  \4$aTulli Magdalena$xSny i kamienie
=650  \4$aBitner Dariusz$xPst
=650  \4$aBitner Dariusz
=650  \4$aVarga Krzysztof$xChłopaki nie płaczą
=650  \4$aVarga Krzysztof$xBildungsroman
=650  \4$aStasiuk Andrzej
=650  \4$aRedliński Edward$xSzczuropolacy
=650  \4$aKruszyński Zbigniew$xSchwedenkrauter
=650  \4$aLiteratura współczesna$xPOlska
=650  \4$aKruszyński Zbigniew$xSzkice historyczne
=650  \4$aRudnicki Janusz$xListy z Hamburga
=650  \4$aGiszczak Jacek$xSzosa warszawska
=650  \4$aBukowski Marek$xBądźcie gotowi zwariować
=650  \4$aMusiał Grzegorz$xAl fine
=650  \4$aMadej Bogdan$xPółtraktat o lewitacji
=650  \4$aSporek Piotr
=650  \4$aCzakański-Sporek Piotr$xOstatnia amerykańska powieść
=650  \4$aPilch Jerzy$xInne rozkosze
=650  \4$aPilch Jerzy$xMonolog z lisiej jamy
=650  \4$aGajdziński Marek$xGłowa konia
=650  \4$aMirkowicz Tomasz$xLekcja geografii
=650  \4$aKrawczyk Piotr$xPlamka światła
=650  \4$aSaramonowicz Małgorzata$xSiostra
=650  \4$aTokarczuk Olga$xDom dzienny, dom nocny
=915  \\$a42556
=916  \\$aNowacki, Dariusz   
  
