=LDR  00608naa#a2200193#u#4500
=001  b0000130526028
=005  20221207141330.7
=008  161215s1998####pl##################pol#d
=009  9912948893105606
=015  \\$a45331
=035  \\$aISISINFO_051942-48omnis_network
=040  \\$aOLSZT W$cOLSZT W
=100  1\$aKruszyński, Zbigniew
=245  10$aMit i Świat :$bO "Prawieku" Olgi Tokarczuk /$cZbigniew Kruszyński.
=650  \4$aTokarczuk Olga$xPrawiek i inne czasy
=773  0\$i//$tMies. Prowincjonalny. -$g1998, nr 1, s. 12-19.
=915  \\$a45331
=916  \\$aKruszyński, Zbigniew   
  
