=LDR  00767naa#a2200253#u#4500
=001  b0000130527164
=005  20221208143443.6
=008  161215s2000####pl##################pol#d
=009  9912970981305606
=015  \\$a46468
=035  \\$aISISINFO_053345-48omnis_network
=040  \\$aOLSZT W$cOLSZT W
=100  1\$aBurek, Tomasz
=245  10$aNowa polska szkoła kiczu /$cTomasz Burek.
=300  \\$aportr.
=520  \\$aO literaturze polskiej po 1989 r., m.in. szerzej o O. Tokarczuk
=650  \4$aLiteratura polska$yod 1989 r.
=650  \4$aTokarczuk Olga
=650  \4$aLiteratura współczesna$xPolska
=773  0\$i//$tŻycie. -$g2000, nr 70, s. 15.
=915  \\$a46468
=916  \\$aBurek, Tomasz   
  
