=LDR  00710naa#a2200241#u#4500
=001  b0000130527753
=005  20221208143446.7
=008  161215s2000####pl##################pol#d
=009  9912992820205606
=015  \\$a47055
=035  \\$aISISINFO_054041-48omnis_network
=040  \\$aOLSZT W$cOLSZT W
=100  1\$aTokarczuk, Olga
=245  10$aNie wiem skąd jestem /$cOlga Tokarczuk.
=300  \\$aportr.
=650  \4$aTokarczuk Olga
=700  1\$aZalesiński, Jarosław.$eRozm. przepr.
=773  0\$i//$tŻycie Warsz.. -$g2000, nr 11, s. 15.
=915  \\$a47055
=916  \\$aTokarczuk, Olga   
=918  1\$aZalesiński, Jarosław.
  
