=LDR  00729naa#a2200229#u#4500
=001  b0000130530327
=005  20221208143429.1
=008  161215s2000####pl##################pol#d
=009  9912986827805606
=015  \\$a49631
=035  \\$aISISINFO_056921-48omnis_network
=040  \\$aOLSZT W$cOLSZT W
=100  1\$aBieńkowska, Magdalena
=245  10$aHoffmann - Schulz - Tokarczuk /$cMagdalena Bieńkowska.
=520  \\$aGłównie o inspiracjach schulzowsko-hoffmanowskich w prozie Tokarczuk
=650  \4$aTokarczuk Olga
=650  \4$aSchulz Bruno
=773  0\$i//$tKresy. -$g2000, nr 1(41), s. 239-246.
=915  \\$a49631
=916  \\$aBieńkowska, Magdalena   
  
