=LDR  00820nam#a2200241#u#4500
=001  b0000130530353
=005  20221207141341.3
=008  161215s2000####pl##################pol#d
=009  9912986653905606
=015  \\$a49657
=035  \\$aISISINFO_056973-48omnis_network
=040  \\$aOLSZT W$cOLSZT W
=245  10$aRytmy prozy czyli jak czytać polską prozę współczesną /$cred. Teresy Marciszuk.
=260  \\$aWarszawa :$bWydaw. Piotra Marciszuka STENTOR ,$c2000.
=520  \\$aS. 126-141: Marciszuk Piotr: "Prawiek i inne czasy" Olgi Tokarczuk
=650  \4$aTokarczuk Olga$xPrawiek i inne czasy
=700  1\$aMarciszuk, Teresa$eRed.
=740  02$ared. Teresy Marciszuk
=915  \\$a49657
=918  1\$aMarciszuk, Teresa
  
