=LDR  00826naa#a2200253#u#4500
=001  b0000130531092
=005  20221208143424.1
=008  161215s2000####pl##################pol#d
=009  9912958870205606
=015  \\$a50397
=035  \\$aISISINFO_057820-48omnis_network
=040  \\$aOLSZT W$cOLSZT W
=100  1\$aKopciński, Jacek
=245  10$aBoże dzieci /$cJacek Kopciński.
=300  \\$bil.
=520  \\$aPrzedstawienie "Ofiara Wilgefortis" Piotra Tomaszuka na motywach średniowiecznej legendy i powieści "Dom dzienny, dom nocny" Tokarczuk
=650  \4$aTomaszuk Piotr
=650  \4$aTokarczuk Olga$xDom dzienny, dom nocny
=650  \4$aTeatr Wierszalin
=773  0\$i//$tTeatr. -$g2000, nr 9, s. 30-35.
=915  \\$a50397
=916  \\$aKopciński, Jacek   
  
