=LDR  00672naa#a2200229#u#4500
=001  b0000130531212
=005  20221208143434.0
=008  161215s2000####pl##################pol#d
=009  9912945749505606
=015  \\$a50517
=035  \\$aISISINFO_057968-48omnis_network
=040  \\$aOLSZT W$cOLSZT W
=100  1\$aTokarczuk, Olga
=245  10$aTajemne porządki świata /$cOlga Tokarczuk.
=650  \4$aTokarczuk Olga
=700  1\$aBereś, Stanisław$eRozm. przepr.
=773  0\$i//$tOdra. -$g2000, nr 7/8, s. 60-65.
=915  \\$a50517
=916  \\$aTokarczuk, Olga   
=918  1\$aBereś, Stanisław
  
