=LDR  00703naa#a2200205#u#4500
=001  b0000130534723
=005  20221207141259.5
=008  161215s2000####pl##################pol#d
=009  9912986903005606
=015  \\$a54032
=035  \\$aISISINFO_061823-48omnis_network
=040  \\$aOLSZT W$cOLSZT W
=100  10$aRabizo-Birek, Magdalena
=245  10$aTwórca i niszczyciel :$bCzas w powieści Olgi Tokarczuk "Dom dzienny, dom nocny" /$cMagdalena Rabizo-Birek.
=650  \4$aTokarczuk Olga$xDom dzienny, dom nocny
=653  \\$aBirek, Magdalena zob. Rabizo-Birek, Magdalena
=773  0\$i//$tTopos. -$g2000, nr 3/4, s. 75-82.
=915  \\$a54032
=916  \\$aRabizo-Birek, Magdalena   
  
