=LDR  00724naa#a2200229#u#4500
=001  b0000130534791
=005  20221208143429.1
=008  161215s2000####pl##################pol#d
=009  9912986013105606
=015  \\$a54100
=035  \\$aISISINFO_061908-48omnis_network
=040  \\$aOLSZT W$cOLSZT W
=100  1\$aKowalska, Janina
=245  10$a"Prawiek" i "Widnokrąg": apetyt na mit /$cJanina Kowalska.
=520  \\$a"Prawiek i inne czasy" Tokarczuk i "Widnokrąg" Myśliwskiego
=650  \4$aTokarczuk Olga$xPrawiek i inne czasy
=650  \4$aMyśliwski Wiesław$xWidnokrąg
=773  0\$i//$tDialog. -$g2000, nr 10, s. 96-117.
=915  \\$a54100
=916  \\$aKowalska, Janina   
  
