=LDR  01008naa#a2200265#u#4500
=001  b0000130535777
=005  20221208143429.1
=008  161215s2000####pl##################pol#d
=009  9912945270405606
=015  \\$a55089
=035  \\$aISISINFO_063041-48omnis_network
=040  \\$aOLSZT W$cOLSZT W
=100  0\$aSkorpion
=245  10$aOkiem Skorpiona /$cSkorpion.
=520  \\$aOmówienia książek: O. Tokarczuk "Dom dzienny...", A. Wiedemanna "Sęk, pies, brew", Ryszarda Przybylskiego "Baśń zimowa", S. Barańczaka "Chirurgiczna precyzja", A. Libery "Madame", M. Bieńczyka "Melancholia"
=650  \4$aLibera Antoni$xMadame
=650  \4$aTokarczuk Olga$xDom dzienny, dom nocny
=650  \4$aBarańczak Stanisław$xChirurgiczna precyzja
=650  \4$aWiedemann Adam$xSęk, pies, brew
=650  \4$aPrzybylski Ryszard$xBaśń zimowa
=773  0\$i//$tTytuł. -$g2000, nr 1/2, s. 231-236.
=915  \\$a55089
=916  \\$aSkorpion   
  
