=LDR  01066naa#a2200313#u#4500
=001  b0000130535948
=005  20221207141249.5
=008  161215s2000####pl##################pol#d
=009  9912995644005606
=015  \\$a55261
=035  \\$aISISINFO_063241-48omnis_network
=040  \\$aOLSZT W$cOLSZT W
=100  1\$aPilch, Jerzy
=245  10$aOpowieści wigilijne /$cJerzy Pilch, Olga Tokarczuk, Andrzej Stasiuk.
=260  \\$aWałbrzych; Wołowiec :$bCzarne; "Ruta" ,$c2000.
=650  \4$aTokarczuk Olga$xOpowieści wigilijne
=650  \4$aStasiuk Andrzej$xOpowieści wigilijne
=700  1\$aTokarczuk, Olga
=700  1\$aStasiuk, Andrzej
=740  02$aKarp z proszku
=787  0\$iRec.$aKarp z proszku / Marta Mizuro //$tFA-art$g2000, nr 3/4(41/42), s. 66-67 [uwaga! zastosowano podwójną numerację stron].
=915  \\$a55261
=916  \\$aPilch, Jerzy   
=918  1\$aTokarczuk, Olga
=918  1\$aStasiuk, Andrzej
  
