=LDR  00952naa#a2200265#u#4500
=001  b0000130536473
=005  20221207141259.5
=008  161215s2000####pl##################pol#d
=009  9912946298305606
=015  \\$a55789
=035  \\$aISISINFO_063865-48omnis_network
=040  \\$aOLSZT W$cOLSZT W
=100  1\$aMizerkiewicz, Tomasz
=245  10$aMityczne światy powieściowe /$cTomasz Mizerkiewicz.
=520  \\$aWspółczesna powieść polska. Szerzej: Boleckiej "Biały kamień", Tokarczuk "Prawiek i inne czasy", Miłosz "Dolina Issy"
=650  \4$aLiteratura polska$yod 1944 r.
=650  \4$aLiteratura współczesna$xPolska
=650  \4$aBolecka Anna$xBiały kamień
=650  \4$aMiłosz Czesław$xDolina Issy
=650  \4$aTokarczuk Olga$xPrawiek i inne czasy
=773  0\$i//$tRuch. Lit.. -$g2000, z. 6, s. 680-.
=915  \\$a55789
=916  \\$aMizerkiewicz, Tomasz   
  
