=LDR  00607naa#a2200205#u#4500
=001  b0000130536953
=005  20221207141304.4
=008  161215s2000####pl##################pol#d
=009  9912964238605606
=015  \\$a56273
=035  \\$aISISINFO_064441-48omnis_network
=040  \\$aOLSZT W$cOLSZT W
=100  1\$aTokarczuk, Olga
=245  10$aWracaj do nas, jak tylko będziesz mogła :$bSpotkanie z ... /$cOlga Tokarczuk.
=520  \\$aO sobie i pisaniu
=650  \4$aTokarczuk Olga
=773  0\$i//$tTytuł. -$g2000, nr 3, s. 122-133.
=915  \\$a56273
=916  \\$aTokarczuk, Olga   
  
