=LDR  00580naa#a2200193#u#4500
=001  b0000130537345
=005  20221208143424.1
=008  161215s1998####pl##################pol#d
=009  9912968406805606
=015  \\$a56667
=035  \\$aISISINFO_064923-48omnis_network
=040  \\$aOLSZT W$cOLSZT W
=100  1\$aJolanta, Juran
=245  10$aOlga Tokarczuk i jej twórczość :$bZestawienie bibliograficzne /$cJuran Jolanta.
=650  \4$aTokarczuk Olga
=773  0\$i//$tBibl. Olszt.. -$g1998, nr 1/2, s. 55-58.
=915  \\$a56667
=916  \\$aJolanta, Juran   
  
