=LDR  01952naa#a2200481#u#4500
=001  b0000130537596
=005  20221207141341.3
=008  161215s20012002pl##################pol#d
=009  9912946975805606
=015  \\$a56918
=035  \\$aISISINFO_065221-48omnis_network
=040  \\$aOLSZT W$cOLSZT W
=100  1\$aTokarczuk, Olga
=245  10$aLalka i perła /$cOlga Tokarczuk.
=260  \\$aKraków :$bWydaw. Literackie ,$c2001.
=650  \4$aTokarczuk Olga$xLalka i perła
=700  1\$aBorkowska, Grażyna$eRec.
=700  1\$aTomczok, Marta$d(1980- )$eRec.
=700  1\$aBortnowski, STanisław.$eRec.
=700  1\$aTatarkiewicz, Anna.$eRec.
=700  1\$aNowacki, Dariusz$eRec.
=740  02$aZwierciadło Lalki
=740  02$aPrzez Lalkę do perły
=740  02$aJak Olga Tokarczuk czyta "Lalkę" Bolesława Prusa
=740  02$aRadość czytania
=740  02$aCzy Wokulski ocalił duszę?
=787  0\$iRec.$aPrus terapeutą / Dariusz Nowacki //$tGaz. Wyborcza$g2001, nr 131, s. 15.
=787  0\$iRec.$aCzy Wokulski ocalił duszę? / Anna Tatarkiewicz //$tRzeczpospolita$g2001, nr 154, Rzecz o książkach, nr 7, E3.
=787  0\$iRec.$aRadość czytania / Tomasz Wroczyński //$tBiul. Inf. Bibl. Nar.$g2001, nr 2, s. 55-56.
=787  0\$iRec.$aJak Olga Tokarczuk czyta "Lalkę" Bolesława Prusa / STanisław Bortnowski //$tPolonistyka$g2001, nr 10, s. 592-595.
=787  0\$iRec.$aPrzez Lalkę do perły / Marta Cuber //$tFA-Art$g2001, nr 4, s. 82-85.
=915  \\$a56918
=916  \\$aTokarczuk, Olga   
=918  1\$aBorkowska, Grażyna
=918  1\$aTomczok, Marta$d(1980- )
=918  1\$aBortnowski, STanisław.
=918  1\$aTatarkiewicz, Anna.
=918  1\$aNowacki, Dariusz
  
