=LDR  00551naa#a2200193#u#4500
=001  b0000130537897
=005  20221207141320.5
=008  161215s2001####pl##################pol#d
=009  9912976457605606
=015  \\$a57219
=035  \\$aISISINFO_065601-48omnis_network
=040  \\$aOLSZT W$cOLSZT W
=100  1\$aSosin, Klaudia
=245  10$aTokarczuk w postmodernistycznym świecie /$cKlaudia Sosin.
=650  \4$aTokarczuk Olga
=773  0\$i//$tSuplement. -$g2001, nr 4, s. 21-27.
=915  \\$a57219
=916  \\$aSosin, Klaudia   
  
