=LDR  00735naa#a2200217#u#4500
=001  b0000130537961
=005  20221207141304.4
=008  161215s2001####pl##################pol#d
=009  9912984957105606
=015  \\$a57283
=035  \\$aISISINFO_065682-48omnis_network
=040  \\$aOLSZT W$cOLSZT W
=100  1\$aDampz, Magdalena
=245  10$aTrunkowy outsider i mistyk :$bMarek Marek Oli Tokarczuk /$cMagdalena Dampz.
=520  \\$aHistoria Marka Marka, bohatera książki Olgi Tokarczuk "Dom dzienny, dom nocny"
=650  \4$aTokarczuk Olga$xDom dzienny, dom nocny
=773  0\$i//$tPrz. Artyst.-Lit.. -$g2001, nr 3, s. 89-93.
=915  \\$a57283
=916  \\$aDampz, Magdalena   
  
