=LDR  00647naa#a2200205#u#4500
=001  b0000130539419
=005  20221208143443.6
=008  161215s2001####pl##################pol#d
=009  9912983449905606
=015  \\$a58741
=035  \\$aISISINFO_067291-48omnis_network
=040  \\$aOLSZT W$cOLSZT W
=100  1\$aDampez, Magdalena
=245  10$aTrunkowy outsider i mistyk, czyli "Marek Marek" Oli Tokarczuk /$cMagdalena Dampez.
=650  \4$aTokarczuk Olga$xDom dzienny, dom nocny
=773  0\$i//$tPrz. Artyst.-Lit.. -$g2001, nr 3, s. 89-93.
=915  \\$a58741
=916  \\$aDampez, Magdalena   
  
