=LDR  01052naa#a2200289#u#4500
=001  b0000130542927
=005  20221207141330.7
=008  161215s2001####pl##################pol#d
=009  9912984236205606
=015  \\$a62247
=035  \\$aISISINFO_071809-48omnis_network
=040  \\$aOLSZT W$cOLSZT W
=100  1\$aSzymutko, Stefan
=245  10$aDzieło literackie jako wyzwanie dla teorii literatury /$cStefan Szymutko.
=300  \\$ail., bibliogr.
=520  \\$a"Byt pozasłowny" w dziele literackiem, kr. nt. "Pornografii" W. Gombrowicza, "Domu dziennego, domu nocnego" O. Tokarczuk, "Ostatniej ucieczki ojca" B. Schulza (z "Sanatorium pod Klepsydrą")
=650  \4$aAlegoria
=650  \4$aLiteraturoznawstwo
=650  \4$aSchulz Bruno$xSanatorium po Klepsydrą
=650  \4$aTokarczuk Olga$xDom dzienny, dom nocny
=650  \4$aLiteratura$xteoria
=650  \4$aPoetyka
=773  0\$i//$tFA-Art. -$g2001, nr 3, s. 24-35.
=915  \\$a62247
=916  \\$aSzymutko, Stefan   
  
