=LDR  01651naa#a2200433#u#4500
=001  b0000130544687
=005  20221207141304.4
=008  161215s1995####pl##################pol#d
=009  9912965689105606
=015  \\$a117505
=035  \\$aISISINFO_074209-48omnis_network
=040  \\$aOLSZT W$cOLSZT W
=100  1\$aTokarczuk, Olga
=245  10$aE.E. /$cOlga Tokarczuk.
=260  \\$aWarszawa :$bPaństw. Instytut Wydaw. ,$c1995.
=650  \4$aTokarczuk Olga$xE.E.
=700  1\$aUniłowski, Krzysztof.$eRec.
=700  1\$aBugajska, Stefania.$eRec.
=700  1\$aBorkowska, Grażyna$eRec.
=700  1\$aSosnowski, Jerzy.$eRec.
=740  02$aDorastanie Erny
=740  02$aPanna E.E.
=740  02$aErna i duchy
=740  02$aNajważniejsze są osoby
=787  0\$iRec.$aDorastanie Erny / Aneta Górniak-Boratyńska //$tPolityka$g1995, nr 24, Polityka-Kultura, nr 6, VII.
=787  0\$iRec.$aPanna E.E. / Jerzy Sosnowski //$tGaz. Wyborcza$g1995, nr 189, Książki-Gazeta, nr 8, 6.
=787  0\$iRec.$aErna i duchy / Grażyna Borkowska //$tKresy$g1995, nr 3(23), s. 148-151.
=787  0\$iRec.$aNajważniejsze są osoby / Stefania Bugajska //$tWiad. Kult.$g1995, nr 48, s. 20.
=915  \\$a117505
=916  \\$aTokarczuk, Olga   
=918  1\$aUniłowski, Krzysztof.
=918  1\$aBugajska, Stefania.
=918  1\$aBorkowska, Grażyna
=918  1\$aSosnowski, Jerzy.
  
