=LDR  04453naa#a2201009#u#4500
=001  b0000130544708
=005  20221207141341.3
=008  161215s20022003pl##################pol#d
=009  9912965700805606
=015  \\$a64027
=035  \\$aISISINFO_074244-48omnis_network
=040  \\$aOLSZT W$cOLSZT W
=100  1\$aTokarczuk, Olga
=245  10$aGra na wielu bębenkach :$b19 opowiadań /$cOlga Tokarczuk.
=260  \\$aWałbrzych :$bWydawnictwo Ruta ,$c2001.
=650  \4$aTokarczuk Olga$xGra na wielu bębenkach
=700  1\$aZamorska-Przyłuska, Ewa.$eRec.
=700  0\$aSkorpion.$eRec.
=700  1\$aSzczeblewska, Anna$eRec.
=700  1\$aDunin, Kinga.$eRec.
=700  1\$aŚmietana, Urszula$eRec.
=700  1\$aRabizo-Birek, Magdalena.$eRec.
=700  1\$aGłowacka, Aneta$eRec.
=700  1\$aMizerkiewicz, Tomasz.$eRec.
=700  1\$aCichy, Michał$eRec.
=700  1\$aOstaszewski, Robert.$eRec.
=700  1\$aMaliszewski, Karol.$eRec.
=700  1\$aWitkowski, Michał$eRec.
=700  1\$aDunin-Wąsowicz, Paweł.$eRec.
=700  1\$aKlejnocki, Jarosław.$eRec.
=700  1\$aNowacki, Dariusz$eRec.
=700  1\$aMergler, Lech.$eRec.
=740  02$aMigotliwe tożsamości. Nominacja do NIKE 2002
=740  02$aPrzy pałeczkach Olga Tokarczuk
=740  02$aMała sudecka muzyka
=740  02$aWielość w jedności
=740  02$aPięknie gra
=740  02$aGry - rytmy i role
=740  02$aRozdoić kozła
=740  02$aRytm bębenków
=740  02$aOkiem skorpiona
=740  02$aWięcej mięsa
=740  02$aBębnienie na pobudkę
=740  02$aTokarczuk i duchy blokowisk
=740  02$aNa pewno jest szczęście
=740  02$aSymfonia na bębenki. [Wiele o samym pisarstwie autorki]
=740  02$aPraktyczna skuteczna moc czarów
=740  02$aRośniemy jak nocne rośliny
=787  0\$iRec.$aMigotliwe tożsamości. Nominacja do NIKE 2002 / Michał Cichy //$tGaz. Wyborcza$g2002, nr 122, s. 17.
=787  0\$iRec.$aPrzy pałeczkach Olga Tokarczuk / Michał Witkowski //$tNowe Książki$g2002, nr 2, s. 16-17.
=787  0\$iRec.$aMała sudecka muzyka / Tomasz Mizerkiewicz //$tArkusz$g2002, nr 6, s. 8-9.
=787  0\$iRec.$aWielość w jedności / Aneta Głowacka //$tOpcje$g2002, nr 2, s. 20-21.
=787  0\$iRec.$aPięknie gra / Magdalena Rabizo-Birek //$tTwórczość$g2002, nr 9, s. 102-106.
=787  0\$iRec.$aGry - rytmy i role / Urszula Śmietana //$tCzas Kult.$g2002, nr 2, s. 103-105.
=787  0\$iRec.$aRozdoić kozła / Kinga Dunin //$tGaz. Wyborcza$g2002, nr 251, Wysokie Obcasy, nr 43, 40.
=787  0\$iRec.$aRytm bębenków / Anna Szczeblewska //$tTopos$g2003, nr 1-3, s. 258.
=787  0\$iRec.$aOkiem skorpiona / Skorpion //$tTytuł$g2002, nr 1-2, s. 240-244.
=787  0\$iRec.$aSłownik tematów, wątków i powtórzeń / Ewa Zamorska-Przyłuska //$tStudium$g2002, nr 2, s. 141-156.
=787  0\$iRec.$aWięcej mięsa / Robert Ostaszewski //$tFa-Art$g2002, nr 1, s. 68-69.
=787  0\$iRec.$aBębnienie na pobudkę / Karol Maliszewski //$tRes Publ. Nowa$g2002, nr 4, s. 105-106.
=787  0\$iRec.$aTokarczuk i duchy blokowisk / Paweł Dunin-Wąsowicz //$tPrzekrój$g2002, nr 6, s. 64-65.
=787  0\$iRec.$aNa pewno jest szczęście / Jarosław Klejnocki //$tGaz. Wyborcza$g2002, nr 27, s. 14.
=787  0\$iRec.$aSymfonia na bębenki. [Wiele o samym pisarstwie autorki] / Dariusz Nowacki //$tPolityka$g2002, nr 5, s. 52.
=787  0\$iRec.$aPraktyczna skuteczna moc czarów / Lech Mergler //$tKsiążki. Mag. Lit.$g2002, nr1, s. 16.
=915  \\$a64027
=916  \\$aTokarczuk, Olga   
=918  1\$aZamorska-Przyłuska, Ewa.
=918  0\$aSkorpion.
=918  1\$aSzczeblewska, Anna
=918  1\$aDunin, Kinga.
=918  1\$aŚmietana, Urszula
=918  1\$aRabizo-Birek, Magdalena.
=918  1\$aGłowacka, Aneta
=918  1\$aMizerkiewicz, Tomasz.
=918  1\$aCichy, Michał
=918  1\$aOstaszewski, Robert.
=918  1\$aMaliszewski, Karol.
=918  1\$aWitkowski, Michał
=918  1\$aDunin-Wąsowicz, Paweł.
=918  1\$aKlejnocki, Jarosław.
=918  1\$aNowacki, Dariusz
=918  1\$aMergler, Lech.
  
