=LDR  00596naa#a2200217#u#4500
=001  b0000130550446
=005  20221208143446.7
=008  161215s2002####pl##################pol#d
=009  9912994030705606
=015  \\$a69769
=035  \\$aISISINFO_081552-48omnis_network
=040  \\$aOLSZT W$cOLSZT W
=100  1\$aAłykow, Agata
=245  10$aSława może mieszkać na każdej ulicy /$cAgata Ałykow.
=300  \\$bil.
=520  \\$aOlga Tokarczuk
=650  \4$aTokarczuk Olga
=773  0\$i//$tAngora. -$g2002, nr 22, s. 25.
=915  \\$a69769
=916  \\$aAłykow, Agata   
  
