=LDR  00578naa#a2200205#u#4500
=001  b0000130553121
=005  20221207141330.7
=008  161215s2002####pl##################pol#d
=009  9912949616805606
=015  \\$a72445
=035  \\$aISISINFO_084619-48omnis_network
=040  \\$aOLSZT W$cOLSZT W
=100  1\$aOrski, Mieczysław
=245  10$aMitopoetyka bytu /$cMieczysław Orski.
=520  \\$aTwórczość Olgi Tokarczuk
=650  \4$aTokarczuk Olga
=773  0\$i//$tOdra. -$g2002, nr 6, s. 61-63.
=915  \\$a72445
=916  \\$aOrski, Mieczysław   
  
