=LDR  00572naa#a2200205#u#4500
=001  b0000130553542
=005  20221207141320.5
=008  161215s2002####pl##################pol#d
=009  9912960417105606
=015  \\$a72867
=035  \\$aISISINFO_085160-48omnis_network
=040  \\$aOLSZT W$cOLSZT W
=100  1\$aTokarczuk, Olga
=245  10$aNieskończenie wielkie pogranicze /$cOlga Tokarczuk.
=300  \\$bil.
=650  \4$aTokarczuk Olga
=773  0\$i//$tRzeczpospolita. -$g2002, nr 150, s. A11.
=915  \\$a72867
=916  \\$aTokarczuk, Olga   
  
