=LDR  01333naa#a2200349#u#4500
=001  b0000130555003
=005  20221207141259.5
=008  161215s2002####pl##################pol#d
=009  9912982057905606
=015  \\$a74329
=035  \\$aISISINFO_087061-48omnis_network
=040  \\$aOLSZT W$cOLSZT W
=100  1\$aFiałkowski, Tomasz
=245  10$aNike: przed finałem /$cTomasz Fiałkowski, Andrzej Franaszek, Agnieszka Sabor.
=300  \\$bil.
=520  \\$aFinaliści Nagrody Literackiej NIKE 2002 (prezentacje nominowanych pozycji) : Julia Hartwig "Nie ma odpowiedzi", Krystian Lupa "Labirynt", Joanna Olczak-Ronikier "W ogrodzie pamięci", Tadeusz Różewicz "Nożyk profesora", Marcin Świetlicki "Czynny do odwołania", Olga Tokarczuk "Gra na wielu bębenkach", Krzysztof Varga "Tequila"
=650  \4$aTokarczuk Olga
=650  \4$aNagrody literackie$xPolska
=650  \4$aHartwig Julia
=650  \4$aLupa Krystian
=650  \4$aRóżewicz Tadeusz
=650  \4$aŚwietlicki Marcin
=650  \4$aVarga Krzysztof
=700  1\$aFranaszek, Andrzej
=773  0\$i//$tTyg. Powsz.. -$g2002, nr 37, s. 21.
=915  \\$a74329
=916  \\$aFiałkowski, Tomasz   
=918  1\$aFranaszek, Andrzej
  
