=LDR  00671naa#a2200217#u#4500
=001  b0000130555220
=005  20221207141304.4
=008  161215s2002####pl##################pol#d
=009  9912967986905606
=015  \\$a74546
=035  \\$aISISINFO_087383-48omnis_network
=040  \\$aOLSZT W$cOLSZT W
=100  1\$aHoffmann, Dorota
=245  10$aWyśnione i przeżyte :$bGłówna nagroda w konkursie Most Berlin dla Olgi Tokarczuk /$cDorota Hoffmann.
=300  \\$bil.
=650  \4$aTokarczuk Olga
=773  0\$i//$tMag. Lit. Książki. -$g2002, nr 8, s. 18.
=915  \\$a74546
=916  \\$aHoffmann, Dorota   
  
