=LDR  00708naa#a2200241#u#4500
=001  b0000130555373
=005  20221207141341.3
=008  161215s2002####pl##################pol#d
=009  9912990873405606
=015  \\$a74698
=035  \\$aISISINFO_087598-48omnis_network
=040  \\$aOLSZT W$cOLSZT W
=100  1\$aTokarczuk, Olga
=245  10$aKicz nie musi być słodki /$cOlga Tokarczuk.
=300  \\$bil.
=650  \4$aTokarczuk Olga
=700  1\$aMichalska, Magdalena$eRozm. przepr.
=773  0\$i//$tGaz. Wyborcza. -$g2002, nr 220, s. 16-17.
=915  \\$a74698
=916  \\$aTokarczuk, Olga   
=918  1\$aMichalska, Magdalena
  
