=LDR  01047naa#a2200325#u#4500
=001  b0000130557094
=005  20221207141341.3
=008  161215s2002####pl##################pol#d
=009  9912961320605606
=015  \\$a76419
=035  \\$aISISINFO_089615-48omnis_network
=040  \\$aOLSZT W$cOLSZT W
=100  1\$aCichy, Michał
=245  10$aSzósta siódemka :$bFinaliści nagrody literackiej NIKE 2002 /$cMichał Cichy.
=300  \\$aportr.
=520  \\$aJulia Hartwig, Krystian Lupa, Joanna Olczak-Ronikier, Tadeusz Różewicz, Marcin Świetlicki, Olga Tokarczuk, Krzysztof Varga
=650  \4$aTokarczuk Olga
=650  \4$aNagrody literackie$xPolska$y2002 r.
=650  \4$aNIKE
=650  \4$aHartwig Julia
=650  \4$aRonikier Joanna
=650  \4$aOlczak-Ronikier Joanna
=650  \4$aRóżewicz Tadeusz
=650  \4$aŚwietlicki Marcin
=650  \4$aVarga Krzysztof
=773  0\$i//$tGaz. Wyborcza. -$g2002, nr 208, s. 4,6.
=915  \\$a76419
=916  \\$aCichy, Michał   
  
