=LDR  00605naa#a2200205#u#4500
=001  b0000130559582
=005  20221207141320.5
=008  161215s2003####pl##################pol#d
=009  9912956588705606
=015  \\$a78908
=035  \\$aISISINFO_092872-48omnis_network
=040  \\$aOLSZT W$cOLSZT W
=100  1\$aUniłowski, Krzysztof
=245  10$aCała prawda o "prozie środka" /$cKrzysztof Uniłowski.
=520  \\$aTwórczość Olgi Tokarczuk
=650  \4$aTokarczuk Olga
=773  0\$i//$tFA-Art. -$g2002, nr 4, s. 32-341.
=915  \\$a78908
=916  \\$aUniłowski, Krzysztof   
  
