=LDR  00604naa#a2200205#u#4500
=001  b0000130566136
=005  20221207141304.4
=008  161215s2003####pl##################pol#d
=009  9912962152305606
=015  \\$a85464
=035  \\$aISISINFO_101185-48omnis_network
=040  \\$aOLSZT W$cOLSZT W
=100  1\$aUniłowski, Krzysztof
=245  10$aCała prawda o "prozie środka" /$cKrzysztof Uniłowski.
=520  \\$aTwórczość O. Tokarczuk
=650  \4$aTokarczuk Olga
=773  0\$i//$tFA-Art. -$g2003, nr 1-2, s. 72-75.
=915  \\$a85464
=916  \\$aUniłowski, Krzysztof   
  
