=LDR  01850naa#a2200469#u#4500
=001  b0000130573509
=005  20221207141320.5
=008  161215s2004####pl##################pol#d
=009  9912978242605606
=015  \\$a92837
=035  \\$aISISINFO_110612-48omnis_network
=040  \\$aOLSZT W$cOLSZT W
=100  1\$aTokarczuk, Olga
=245  10$aOstatnie historie /$cOlga Tokarczuk.
=260  \\$aKraków :$bWydaw. Literackie ,$c2004.
=650  \4$aTokarczuk Olga$xOstatnie historie
=700  1\$aMasłowska, Dorota.$eRec.
=700  1\$aFreus, Agnieszka.$eRec.
=700  1\$aMasłoń, Krzysztof.$eRec.
=700  1\$aSobolewska, Justyna.$eRec.
=700  1\$aCzapliński, Przemysław$eRec.
=740  02$aOswoić śmierć
=740  02$aTrzy opowieści Olgi
=740  02$aĆwiczenie się w śmierci
=740  02$aPrześwietlanie myśli
=787  0\$iRec.$aOswoić śmierć / Katarzyna Klejnocka //$tNewsweek$g2004, nr 36, s. 94, Wysokie Obcasy, nr 41, 6.
=787  0\$iRec.$aTrzy opowieści Olgi / Przemysław Czapliński //$tGaz. Wyborcza$g2004, nr 224, s. 12.
=787  0\$iRec.$aĆwiczenie się w śmierci / Justyna Sobolewska //$tPrzekrój$g2004, nr 39, s. 80.
=787  0\$iRec.$aPrześwietlanie myśli / Krzysztof Masłoń //$tRzeczpospolita$g2004, nr 225, s. A10.
=787  0\$iRec.$aŚrodkowa historia jest perłą / Agnieszka Freus //$tAngora$g2004, nr 41, s. 56.
=915  \\$a92837
=916  \\$aTokarczuk, Olga   
=918  1\$aMasłowska, Dorota.
=918  1\$aFreus, Agnieszka.
=918  1\$aMasłoń, Krzysztof.
=918  1\$aSobolewska, Justyna.
=918  1\$aCzapliński, Przemysław
  
