=LDR  00930naa#a2200289#u#4500
=001  b0000130573591
=005  20221207141320.5
=008  161215s2004####pl##################pol#d
=009  9912998053005606
=015  \\$a92919
=035  \\$aISISINFO_110727-48omnis_network
=040  \\$aOLSZT W$cOLSZT W
=100  1\$aPaczoska, Ewa
=245  10$aDojrzewanie, dojrzałość, niedojrzałość :$bOd Bolesława Prusa do Olgi Tokarczuk /$cEwa Paczoska.
=260  \\$aWarszawa :$bSic! ,$c2004.
=650  \4$aMłodzież$xliteratura
=650  \4$aTokarczuk Olga
=650  \4$aPrus Bolesław
=650  \4$aPokwitanie$xliteratura
=700  1\$aSoszyński, Paweł.$eRec.
=740  02$aStudium Prusa
=787  0\$iRec.$aStudium Prusa / Paweł Soszyński //$tLampa$g2004, nr 3, s. 70, 72.
=915  \\$a92919
=916  \\$aPaczoska, Ewa   
=918  1\$aSoszyński, Paweł.
  
