=LDR  00782naa#a2200253#u#4500
=001  b0000130586129
=005  20221207141249.5
=008  161215s2004####pl##################pol#d
=009  9912949185205606
=015  \\$a105461
=035  \\$aISISINFO_125178-48omnis_network
=040  \\$aOLSZT W$cOLSZT W
=100  1\$aTokarczuk, Olga
=245  10$aSztuka dobrego umierania /$cOlga Tokarczuk.
=300  \\$aportr.
=650  \4$aTokarczuk Olga
=700  1\$aKubisowska, Katarzyna.$eRozm. przepr.
=770  \0$tRzecz o książkach
=773  0\$i//$tRzeczpospolita. -$g2004, nr 208, dod. Rzecz o książkach, nr 9, s. D6.
=915  \\$a105461
=916  \\$aTokarczuk, Olga   
=918  1\$aKubisowska, Katarzyna.
  
