=LDR  00662naa#a2200193#u#4500
=001  b0000130595543
=005  20221118155233.8
=008  161215s1998####pl##################pol#d
=009  9912981729005606
=015  \\$a117554
=035  \\$aISISINFO_136887-48omnis_network
=040  \\$aOLSZT W$cOLSZT W
=100  1\$aTokarczuk, Olga
=245  10$aDom dzienny, dom nocny /$cOlga Tokarczuk.
=260  \\$aWałbrzych :$b"Ruta" ,$c1998.
=650  \4$aTokarczuk Olga$xDom dzienny, dom nocny
=700  1\$aCyranowicz, Maria.$eRec.
=740  02$aStan sennego dryfowania
=787  0\$iRec.$aStan sennego dryfowania / Maria Cyranowicz //$tŻycie$g1998, nr 277, Życie z Książkami, V.
  
