=LDR  03279naa#a2200793#u#4500
=001  b0000130596210
=005  20221216131157.8
=008  161215s19961997pl##################pol#d
=009  9912947720905606
=015  \\$a117528
=035  \\$aISISINFO_137642-48omnis_network
=040  \\$aOLSZT W$cOLSZT W
=100  1\$aTokarczuk, Olga
=245  10$aPrawiek i inne czasy /$cOlga Tokarczuk.
=260  \\$aWarszawa :$bWydaw. W.A.B. ,$c1996.
=650  \4$aTokarczuk Olga$xPrawiek i inne czasy
=700  1\$aJentys, Maria.$eRec.
=700  1\$aZiętek, Zygmunt.$eRec.
=700  1\$aKoss, Agata$eRec.
=700  1\$aWołk, Marcin$eRec.
=700  1\$aChojnacki, Robert$eRec.
=700  1\$aOramus, Dominika$d(1972- )$eRec.
=700  1\$aPopiołek, Ewa$eRec.
=700  1\$aZapędowska, Magdalena$eRec.
=700  1\$aBrowarny, Wojciech.$eRec.
=700  1\$aNowacki, Dariusz$eRec.
=700  1\$aStrękowski, Jan.$eRec.
=700  1\$aCieński, Marcin$eRec.
=740  02$aMłynki boże
=740  02$aPrawiek: miejsce i czas
=740  02$aŻywot człowieka poczciwego. Epilog?
=740  02$aOsiemdziesiąt lat samotności
=740  02$aPars prototo
=740  02$aWszędzie centrum świata
=740  02$aOsiem światów
=740  02$aPowieściowe transgresje Olgi Tokarczuk
=740  02$aSatysfakcja i satys-fuckcja
=740  02$aPowieść ze środka wszechświata
=740  02$aNiebieska i Boska
=787  0\$iRec.$aPowieściowe transgresje Olgi Tokarczuk / Wojciech Browarny //$tArkusz$g1996, nr 12, s. 6-7.
=787  0\$iRec.$aPrawiek: miejsce i czas / Zygmunt Ziętek //$tRegiony$g1997, nr 3, s. 120-128.
=787  0\$iRec.$aŻywot człowieka poczciwego. Epilog? / Agata Koss //$tKresy$g1997, nr 1(29), s. 191-193.
=787  0\$iRec.$aOsiemdziesiąt lat samotności / Marcin Wołk //$tPrz. Artyst.-Lit.$g1997, nr 4, s. 38-39.
=787  0\$iRec.$aPars prototo / Robert Chojnacki //$tStudium$g1997, nr 6, s. 191-199.
=787  0\$iRec.$aWszędzie centrum świata / Ewa Popiołek, Dominika Materska //$tNowa Fantast.$g1997, nr 2, s. 68.
=787  0\$iRec.$aCały , rozbity świat / Magdalena Zapędowska //$tCzas Kult.$g1996, nr 4, s. 92-93.
=787  0\$iRec.$aOsiem światów / Maria Jentys //$tTwórczość$g1996, nr 10, s. 116-118.
=787  0\$iRec.$aSatysfakcja i satys-fuckcja / Dariusz Nowacki //$tFA-art$g1996, nr 3, s. 74-77.
=787  0\$iRec.$aMłynki boże / Jan Strękowski //$tMag. Lit.$g1996, nr 3/4, s. 123-125.
=787  0\$iRec.$aPowieść ze środka wszechświata / Marcin Cieński //$tOdra$g1996, nr 11, s. 116-118.
=915  \\$a117528
=916  \\$aTokarczuk, Olga   
=918  1\$aJentys, Maria.
=918  1\$aZiętek, Zygmunt.
=918  1\$aKoss, Agata
=918  1\$aWołk, Marcin.
=918  1\$aChojnacki, Robert
=918  1\$aOramus, Dominika$d(1972- )
=918  1\$aPopiołek, Ewa
=918  1\$aZapędowska, Magdalena
=918  1\$aBrowarny, Wojciech.
=918  1\$aNowacki, Dariusz
=918  1\$aStrękowski, Jan.
=918  1\$aCieński, Marcin
  
