=LDR  02375nam a22005890  4500
=001  b0000250021126
=005  20221108170757.6
=008  130408s0199    PL            000 0 pol
=009  9912779313905606
=020  \\$a8373270876
=035  \\$aTOM_1147945-48omnis_tom
=035  \\$a147945$9ExL
=035  \\$a(PL)b0000250021126
=040  \\$aTOM_1$cTOM_1
=041  0\$apol
=080  \\$a82(091)+821.162.1(091)](02.053.2)
=100  1\$aStopka, Dorota
=245  10$aOpracowania : $blektury, wiersze : część 2a : [streszczenia, problematyka, analiza] / $cDorota Stopka.
=260  \\$aKraków : $bWydawnictwo Greg, $c[199?].
=300  \\$a240, [56] s. : $bil. ; $c21 cm.
=380  \\$aKsiążki
=490  1\$aOpracowania : lektury, wiersze / "Greg"
=500  \\$aZawiera mini ściągę.
=600  04$aBiałoszewski, Miron $d(1922-1983). $tPamiętnik z powstania warszawskiego
=600  14$aCervantes Saavedra, Miguel de $d(1547-1616). $tDon Kichote z La Manchy
=600  07$aHomer $2DBN
=600  04$aGombrowicz, Witold (1904-1969). Ferdydurke
=630  04$aBogurodzica
=650  04$aMrożek, Sławomir (1930- ). Baba
=650  \7$aLektura szkolna
=650  04$aO królu Arturze i rycerzach Okrągłego Stołu
=650  04$aSłowacki, Juliusz (1809-1849). Listy do matki
=650  04$aTokarczuk, Olga (1962 $x). Czas Misi
=650  04$aŻeromski, Stefan (1864-1925). Syzyfowe prace
=650  04$aŻeromska, Monika (1913 $x). Wspomnienia
=650  04$aSaint-Exupéry, Antoine de (1900-1944). Mały Książę
=830  \0$aOpracowania : lektury, wiersze - Greg
=852  \\$82220699250007770$j1$bTOM_1_F2$p300022899000$cU
=916  \\$aStopka, Dorota   
=920  \\$a83-7327-087-6
=930  04$aBogurodzica
=931  \\$a82(091)+821.162.1(091)](02.053.2)
=936  \\$aTOM M13083879$9LOCAL$z48OMNIS_TOM
=953  \\$a147945$9LOCAL$z48OMNIS_TOM
=959  \\$x0015/2009 $c10.00 $a82 $p300028577000 $tZN $d20090504 $eD $hU$sT$jE$9LOCAL$z48OMNIS_TOM
=963  \\$aTOM_1$9LOCAL$z48OMNIS_TOM
=980  \\$aKsiążki
  
