=LDR  00723naa#a2200229#i#4500
=001  b0000360020093
=005  20220809190805.2
=008  220728s        pl           |000 0 pol c
=009  9912759670505606
=035  \\$aZAM_1125389-48omnis_zam
=035  \\$a125389$9ExL
=040  \\$aZAM W$cZAM W
=041  0\$apol
=100  1\$aKowalska, Justyna
=245  10$a"Prawiek" i "Widnokrąg" : $bapetyt na mit / $cJustyna Kowalska.
=500  \\$aLiteratura polska lat 90-tych.
=600  14$aTokarczuk, Olga $d(1962- ). $tPrawiek i inne czasy
=773  \\$i// $tDialog. - $g2000, nr 10, s. 96-117
=904  \\$aKZ_SKR
=916  \\$aKowalska, Justyna   
  
