=LDR  00821naa#a2200241#i#4500
=001  b0000360022232
=005  20220809190805.2
=008  220728s        pl           |000 0 pol c
=009  9912761715405606
=035  \\$aZAM_1128029-48omnis_zam
=035  \\$a128029$9ExL
=040  \\$aZAM W$cZAM W
=100  1\$aMichalska, Magdalena
=245  \0$aTokarczuk po raz trzeci / $cMagdalena Michalska, Cezary Polak.
=500  \\$aPlebiscyt czytelników "GW" "Komu NIKE" rozstrzygnięty, zwyciężyła Olga Tokarczuk.
=600  14$aTokarczuk, Olga $d(1962- )
=650  \4$aNagroda Literacka Nike $xlaureaci $x2002 r.
=700  1\$aMichalska, Magdalena
=773  \\$tGazeta Wyborcza (Lublin). - $g2002, nr 231, s. 14
=904  \\$aKZ_SKR
=916  \\$aMichalska, Magdalena   
=918  1\$aMichalska, Magdalena
  
