=LDR  00648naa#a2200217#i#4500
=001  b0000360031424
=005  20220806195258.9
=008  101118p20102010pl pol              PL
=009  9912767221605606
=035  \\$aZAM_1139093-48omnis_zam
=035  \\$a139093$9ExL
=040  \\$aZAM W$cZAM W
=041  \\$apol
=100  1\$aZaworska, Helena$d(1930-2014)
=245  \0$aOlga i Manuela : $bkobiety w awangardzie / $cHelena Zaworska.
=600  14$aGretkowska, Manuela $d(1964- )
=773  \\$tWprost. - $g1999, nr 8, s. 110-111
=904  \\$aKZ_SKR
=916  \\$aZaworska, Helena   (1930-2014)
  
