=LDR  00632naa#a2200205#i#4500
=001  b0000360031425
=005  20220809190800.4
=008  220728s        pl           |000 0 pol c
=009  9912767223605606
=035  \\$aZAM_1139094-48omnis_zam
=035  \\$a139094$9ExL
=040  \\$aZAM W$cZAM W
=100  1\$aCzapliński, Przemysław$d(1962- )
=245  \0$aNiezgoda na istnienie / $cPrzemysław Czapliński.
=600  14$aTokarczuk, Olga $d(1962- )
=650  \4$aPisarze polscy $y20-21 w.
=773  \\$tTygodnik Powszechny. - $g1999, nr 8, s. 8
=904  \\$aKZ_SKR
=916  \\$aCzapliński, Przemysław   (1962- )
  
