=LDR  00600naa#a2200205#i#4500
=001  b0000360031429
=005  20220809190800.4
=008  220728s        pl           |000 0 pol c
=009  9912767212005606
=035  \\$aZAM_1139099-48omnis_zam
=035  \\$a139099$9ExL
=040  \\$aZAM W$cZAM W
=041  \\$apol
=100  1\$aPRUSZYŃSKA, Joanna.
=245  10$aWszystko się może zdarzyć : $bOlga Tokarczuk / $cJoanna Pruszyńska.
=600  14$aTokarczuk, Olga $d(1962- )
=773  \\$tTwój Styl. - $g1999, nr 3, s. 22-26
=904  \\$aKZ_SKR
=916  \\$aPRUSZYŃSKA, Joanna.   
  
