=LDR  00837naa#a2200253#i#4500
=001  b0000360031458
=005  20220809190800.4
=008  220728s        pl           |000 0 pol c
=009  9912761892205606
=035  \\$aZAM_1139134-48omnis_zam
=035  \\$a139134$9ExL
=040  \\$aZAM W$cZAM W
=041  \\$apol
=100  1\$aTokarczuk, Olga$d(1962- )
=245  10$aZmarszczki świata / $cOlga Tokarczuk ; rozm. przepr. Jarosław Klejnocki, Jerzy Sosnowski.
=600  14$aTokarczuk, Olga $d(1962- )
=700  1\$aKlejnocki, Jarosław$d(1963- )$eRozm. przepr.
=773  \\$tPolityka. - $g1999, nr 14, s. 60-61
=904  \\$aKZ_SKR
=916  \\$aTokarczuk, Olga   (1962- )
=918  1\$aKlejnocki, Jarosław$d(1963- )
  
