=LDR  00721naa#a2200229#i#4500
=001  b0000360031630
=005  20220809190800.4
=008  220728s        pl           |000 0 pol c
=009  9912757010005606
=035  \\$aZAM_1139333-48omnis_zam
=035  \\$a139333$9ExL
=040  \\$aZAM W$cZAM W
=041  \\$apol
=100  1\$aTokarczuk, Olga$d(1962- )
=245  10$aRobię porządki w rzeczywistości / $cOlga Tokarczuk ; rozm. przepr. Michał Cichy.
=600  14$aTokarczuk, Olga $d(1962- )
=700  1\$aTokarczuk, Olga$d(1962- )
=773  \\$tGazeta Wyborcza (Lublin). - $g1999, nr 231, s. 27-28
=904  \\$aKZ_SKR
=916  \\$aTokarczuk, Olga   (1962- )
=918  1\$aTokarczuk, Olga$d(1962- )
  
