=LDR  00608naa#a2200217#i#4500
=001  b0000360031650
=005  20220809190805.2
=008  220728s        pl           |000 0 pol c
=009  9912757223005606
=035  \\$aZAM_1139356-48omnis_zam
=035  \\$a139356$9ExL
=040  \\$aZAM W$cZAM W
=041  \\$apol
=100  1\$a(JZB).
=245  10$aOlga Tokarczuk - opowieść o sobie / $c(JZB).
=600  14$aTokarczuk, Olga $d(1962- )
=650  \4$aPisarze polscy $y20-21 w.
=773  \\$tMagazyn Literacki Książki. - $g1997, nr 3-4, s. 32-38
=904  \\$aKZ_SKR
=916  \\$a(JZB).   
  
