=LDR  00645naa#a2200205#i#4500
=001  b0000360031657
=005  20220809190805.2
=008  220728s        pl           |000 0 pol c
=009  9912756900305606
=035  \\$aZAM_1139370-48omnis_zam
=035  \\$a139370$9ExL
=040  \\$aZAM W$cZAM W
=041  \\$apol
=100  1\$aTokarczuk, Olga$d(1962- )
=245  10$aTyle zła w imię miłości... (Olga Tokarczuk) / $cOlga Tokarczuk ; rozm. przepr. Katarzyna Kubisiowska.
=600  14$aTokarczuk, Olga $d(1962- )
=773  \\$tRzeczpospolita. - $g1999, nr 249, s. D2
=904  \\$aKZ_SKR
=916  \\$aTokarczuk, Olga   (1962- )
  
