=LDR  00734naa#a2200229#i#4500
=001  b0000360031669
=005  20220809190805.2
=008  220728s        pl           |000 0 pol c
=009  9912756805305606
=035  \\$aZAM_1139386-48omnis_zam
=035  \\$a139386$9ExL
=040  \\$aZAM W$cZAM W
=100  1\$aWOLNY-PEIRS, Maja $d(1976- ).
=245  \0$aDom Olgi / $cMaja Wolny ; fot. Stanisław Ciok.
=500  \\$aKrajanów - miejsce zamieszkania Olgi Tokarczuk.
=600  14$aTokarczuk, Olga $d(1962- )
=651  \\$aKrajanów (woj. dolnośląskie)
=773  \\$tPolityka. - $g1999, nr 44, s. 100-101
=904  \\$aKZ_SKR
=916  \\$aWOLNY-PEIRS, Maja    (1976- ).
=951  \\$aKrajanów (woj. dolnośląskie)
  
