=LDR  00693naa#a2200217#i#4500
=001  b0000360032487
=005  20220809190800.4
=008  220728s        pl           |000 0 pol c
=009  9912762804705606
=035  \\$aZAM_1140333-48omnis_zam
=035  \\$a140333$9ExL
=040  \\$aZAM W$cZAM W
=100  1\$aTokarczuk, Olga$d(1962- )
=245  \0$aKicz nie musi być słodki / $cOlga Tokarczuk ; rozm. Magdalena Michalska.
=600  14$aTokarczuk, Olga $d(1962- )
=700  1\$aMichalska, Magdalena$eRozm. przepr.
=773  \\$tGazeta Wyborcza (Lublin). - $g2002, nr 220, s. 16
=904  \\$aKZ_SKR
=916  \\$aTokarczuk, Olga   (1962- )
=918  1\$aMichalska, Magdalena
  
