=LDR  00787naa#a2200253#i#4500
=001  b0000360034264
=005  20220809190800.4
=008  220728s        pl           |000 0 pol c
=009  9912769944105606
=035  \\$aZAM_1142300-48omnis_zam
=035  \\$a142300$9ExL
=040  \\$aZAM W$cZAM W
=100  1\$aTokarczuk, Olga$d(1962- )
=245  \0$aPreteksty do snucia opowieści / $cOlga Tokarczuk ; rozm. przepr. Iwona Smolka.
=600  14$aTokarczuk, Olga $d(1962- )
=650  \4$aPisarze polscy $y20-21 w.
=655  \7$aBiografia
=700  \\$aSmolka, Iwona$d(1944- )$eRozm. przepr.
=773  \\$tNowe Książki. - $g2004, nr 8, s. 4-7
=904  \\$aKZ_SKR
=916  \\$aTokarczuk, Olga   (1962- )
=918  \\$aSmolka, Iwona$d(1944- )
=955  \7$aBiografia
  
