=LDR  00735naa#a2200229#i#4500
=001  b0000360034269
=005  20220809190805.2
=008  220728s        pl           |000 0 pol c
=009  9912769940005606
=035  \\$aZAM_1142309-48omnis_zam
=035  \\$a142309$9ExL
=040  \\$aZAM W$cZAM W
=100  \\$aMizerkiewicz, Tomasz$d(1971- )
=245  \\$aOgarnięci chłodem / $cTomasz Mizerkiewicz.
=520  \\$aZawiera rec. książki: Ostatnie historie / Olga Tokarczuk. - Kraków, 2004.
=600  14$aTokarczuk, Olga $d(1962- ). $tOstatnie historie
=655  \4$aRecenzja
=773  \\$tNowe Książki. - $g2004, nr 8, s. 8
=904  \\$aKZ_SKR
=916  \\$aMizerkiewicz, Tomasz   (1971- )
=955  \4$aRecenzja
  
