=LDR  00758naa#a2200229#i#4500
=001  b0000360034315
=005  20220809190805.2
=008  220728s        pl           |000 0 pol c
=009  9912776488305606
=035  \\$aZAM_1142364-48omnis_zam
=035  \\$a142364$9ExL
=040  \\$aZAM W$cZAM W
=100  1\$aKlejnocka, Katarzyna$d(1968- )
=245  10$aOswoić śmierć / $cKatarzyna Klejnocka.
=520  8\$aZawiera rec. książki: Ostatnie historie / Olga Tokarczuk. Kraków, 2004.
=600  14$aTokarczuk, Olga $d(1962- ). $tOstatnie historie
=655  \7$aRecenzja literacka
=773  \\$i// $tNewsweek Polska. - $g2004, nr 36, s. 94
=904  \\$aKZ_SKR
=916  \\$aKlejnocka, Katarzyna   (1968- )
=955  \7$aRecenzja literacka
  
