=LDR  00754naa#a2200229#i#4500
=001  b0000360034367
=005  20220809190805.2
=008  220728s        pl           |000 0 pol c
=009  9912768698405606
=035  \\$aZAM_1142430-48omnis_zam
=035  \\$a142430$9ExL
=040  \\$aZAM W$cZAM W
=100  1\$aTokarczuk, Olga$d(1962- )
=245  \0$aSztuka dobrego umierania / $cOlga Tokarczuk ; rozm. przepr. Katarzyna Kubisiowska.
=600  14$aTokarczuk, Olga $d(1962- )
=650  \4$aPisarze polscy $y20-21 w.
=700  1\$aKubisiowska, Katarzyna$d(1971- )$eWywiad
=773  \\$i// tRzeczpospolita. - $g2004, nr 208, s. D6
=904  \\$aKZ_SKR
=916  \\$aTokarczuk, Olga   (1962- )
=918  1\$aKubisiowska, Katarzyna$d(1971- )
  
