=LDR  00745naa#a2200241#i#4500
=001  b0000360034385
=005  20220809190805.2
=008  220728s        pl           |000 0 pol c
=009  9912768654305606
=035  \\$aZAM_1142449-48omnis_zam
=035  \\$a142449$9ExL
=040  \\$aZAM W$cZAM W
=041  \\$apol
=100  1\$aCzubaj, Mariusz$d(1969- )
=245  0\$aSeks, śnieg i śmierć / $cMariusz Czubaj.
=520  \\$aZawiera rec. książki: Ostatnie historie \ Olga Tokarczuk. - Kraków, 2004.
=600  14$aTokarczuk, Olga $d(1962- ). $tOstatnie historie
=655  \4$aRecenzja
=773  \\$i// $tPolityka. - $g2004, nr 38, s. 60
=904  \\$aKZ_SKR
=916  \\$aCzubaj, Mariusz   (1969- )
=955  \4$aRecenzja
  
