=LDR  00752naa#a2200229#i#4500
=001  b0000360034409
=005  20220809190805.2
=008  220728s        pl           |000 0 pol c
=009  9912769050105606
=035  \\$aZAM_1142478-48omnis_zam
=035  \\$a142478$9ExL
=040  \\$aZAM W$cZAM W
=100  1\$aCzapliński, Przemysław$d(1962- )
=245  \\$aTrzy opowieści Olgi / $cPrzemysław Czapliński.
=520  \\$aZawiera rec. książki: Ostatnie historie / Olga Tokarczuk. - Kraków, 2004.
=600  14$aTokarczuk, Olga $d(1962- ). $tOstatnie historie
=655  \4$aRecenzja
=773  \\$tGazeta Wyborcza. - $g2004, nr 224, s. 12
=904  \\$aKZ_SKR
=916  \\$aCzapliński, Przemysław   (1962- )
=955  \4$aRecenzja
  
