=LDR  00764naa#a2200229#i#4500
=001  b0000360034411
=005  20220809190805.2
=008  220728s        pl           |000 0 pol c
=009  9912769075005606
=035  \\$aZAM_1142482-48omnis_zam
=035  \\$a142482$9ExL
=040  \\$aZAM W$cZAM W
=100  1\$aMasłoń, Krzysztof$d(1953- )
=245  10$aPrześwietlanie myśli / $cKrzysztof Masłoń.
=520  8\$aZawiera rec. książki: Ostatnie historie / Olga Tokarczuk. - Kraków, 2004.
=600  14$aTokarczuk, Olga $d(1962- ). $tOstatnie historie
=655  \7$aRecenzja literacka
=773  \\$i// $tRzeczpospolita. - $g2004, nr 225, s. A10
=904  \\$aKZ_SKR
=916  \\$aMasłoń, Krzysztof   (1953- )
=955  \7$aRecenzja literacka
  
