=LDR  00728naa#a2200229#i#4500
=001  b0000360034416
=005  20220809190805.2
=008  220728s        pl           |000 0 pol c
=009  9912769008605606
=035  \\$aZAM_1142487-48omnis_zam
=035  \\$a142487$9ExL
=040  \\$aZAM W$cZAM W
=100  1\$aSobolewska, Justyna$d(1972- )
=245  \\$aĆwiczenie smierci / $cJustyna Sobolewska.
=520  \\$aZawiera rec. książki: Ostatnie historie / Olga Tokarczuk. - Kraków, 2004.
=600  14$aTokarczuk, Olga $d(1962- ). $tOstatnie historie
=655  \4$aRecenzja
=773  \\$tPrzekrój. - $g2004, nr 39, s. 80
=904  \\$aKZ_SKR
=916  \\$aSobolewska, Justyna   (1972- )
=955  \4$aRecenzja
  
