=LDR  00822naa#a2200253#i#4500
=001  b0000360035533
=005  20220809190800.4
=008  220728s        pl           |000 0 pol c
=009  9912771038405606
=035  \\$aZAM_1143784-48omnis_zam
=035  \\$a143784$9ExL
=040  \\$aZAM W$cZAM W
=041  \\$apol
=100  1\$aKLUKOWSKI, Bogdan $d(1939- ).
=245  \\$aOlga Tokarczuk : $bdroga do własnego stylu / $c[Bogdan Klukowski].
=600  14$aTokarczuk, Olga $d(1962- )
=650  \4$aPisarze polscy $y20-21 w.
=655  \7$aLiteratura polska $xhistoria $y20-21 w.
=740  0\$aPORADNIK BIBLIOTEKARZA
=773  0\$i// $tPoradnik Bibliotekarza. - $g2006, nr 2, s. 25-26
=904  \\$aKZ_SKR
=916  \\$aKLUKOWSKI, Bogdan    (1939- ).
=955  \7$aLiteratura polska $xhistoria $y20-21 w.
  
