=LDR  00663naa#a2200217#i#4500
=001  b0000360035633
=005  20220809190805.2
=008  220728s        pl           |000 0 pol c
=009  9912766311105606
=035  \\$aZAM_1143893-48omnis_zam
=035  \\$a143893$9ExL
=040  \\$aZAM W$cZAM W
=041  0\$apol
=100  1\$aHOROWSKA, Elżbieta M.
=245  00$aO twórczości Olgi Tokarczuk : $bkonkurs czytelniczy / $cElżbieta M. Horowska.
=600  14$aTokarczuk, Olga $d(1962- )
=650  \4$aKonkursy szkolne
=773  0\$i// $tPoradnik Bibliotekarza. - $g2006, nr 3, s. 30-32
=904  \\$aKZ_SKR
=916  \\$aHOROWSKA, Elżbieta M.   
  
