=LDR  00799naa#a2200241#i#4500
=001  b0000360035796
=005  20220808063227.7
=008  220728s        pl           |000 0 pol c
=009  9912755173605606
=035  \\$aZAM_1144079-48omnis_zam
=035  \\$a144079$9ExL
=040  \\$aZAM W$cZAM W
=041  0\$aPL
=100  1\$aCzapliński, Przemysław$d(1962- )
=245  00$aCyberpunk sumeryjski / $cPrzemysław Czapliński.
=520  \\$aZawiera rec. książki : Anna In w grobowcach świata / Olga Tokarczuk. - Kraków, 2006.
=600  14$aTokarczuk, Olga $d(1962- ). $tAnna In w grobowcach świata
=655  \4$aRecenzja
=773  0\$i// $tGazeta Wyborcza. - $g2006, nr 213, s. 14
=904  \\$aKZ_SKR
=916  \\$aCzapliński, Przemysław   (1962- )
=955  \4$aRecenzja
  
