=LDR  00822naa#a2200265#i#4500
=001  b0000360037594
=005  20220809190800.4
=008  220728s        pl           |000 0 pol c
=009  9912774622805606
=035  \\$aZAM_1146157-48omnis_zam
=035  \\$a146157$9ExL
=040  \\$aZAM W$cZAM W
=041  0\$apol
=100  1\$aFranaszek, Andrzej$d(1971- )
=245  00$aWezwanie niepokoju / $cAndrzej Franaszek.
=520  \\$aZawiera rec. książki : Bieguni / Olga Tokarczuk. - Kraków, 2007.
=600  14$aTokarczuk, Olga $d(1962- ). $tBieguni
=655  \4$aRecenzja
=773  0\$i// $tGazeta Wyborcza. - $g2007, nr 242, s. 14
=904  \\$aKZ_SKR
=916  \\$aFranaszek, Andrzej   (1971- )
=955  \4$aRecenzja
  
