=LDR  00785naa#a2200241#i#4500
=001  b0000360037599
=005  20220809190805.2
=008  220728s        pl           |000 0 pol c
=009  9912757864205606
=035  \\$aZAM_1146162-48omnis_zam
=035  \\$a146162$9ExL
=040  \\$aZAM W$cZAM W
=041  0\$apol
=100  \\$aTomczok, Marta$d(1980- )
=245  00$aPodróżuję, więc jestem / $cMarta Cuber.
=520  \\$aZawiera rec. książki : Bieguni / Olga Tokarczuk. - Kraków, 2007.
=600  14$aTokarczuk, Olga $d(1962- ). $tBieguni
=655  \7$aLiteratura polska $xhistoria $y21 w.
=773  0\$i// $tPolityka. - $g2007, nr 41, s. 104-105
=904  \\$aKZ_SKR
=916  \\$aTomczok, Marta   (1980- )
=955  \7$aLiteratura polska $xhistoria $y21 w.
  
