=LDR  00980naa#a2200289#i#4500
=001  b0000360037632
=005  20220809190800.4
=008  220728s        pl           |000 0 pol c
=009  9912776251405606
=035  \\$aZAM_1146200-48omnis_zam
=035  \\$a146200$9ExL
=040  \\$aZAM W$cZAM W
=041  0\$apol
=100  1\$aTokarczuk, Olga$d(1962- )
=245  00$aBiegun / $cOlga Tokarczuk ; rozm. przepr. Kinga Dunin.
=500  \\$aFot.
=600  14$aTokarczuk, Olga $d(1962- )
=650  \4$aPisarze polscy $y20-21 w.
=700  1\$aDunin, Kinga$d(1954- )$eRozm. przepr.
=773  0\$i// $tGazeta Wyborcza. - $g2007, dod. Wysokie Obcasy, nr 42, s. 12-14, 16-17, 19-21, 23-24
=904  \\$aKZ_SKR
=916  \\$aTokarczuk, Olga   (1962- )
=918  1\$aDunin, Kinga$d(1954- )
=992  \\$ab1000000856297$b89$zauthor&title-1$zedition
=992  \\$ab0000010214964$b89$zauthor&title-1$zedition
  
