=LDR  00689naa#a2200241#i#4500
=001  b0000360045515
=005  20220806195257.4
=008  110505                             PL
=009  9912767708105606
=035  \\$aZAM_1164022-48omnis_zam
=035  \\$a164022$9ExL
=040  \\$aZAM W$cZAM W
=100  1\$aNosowska, Dorota
=245  \\$aOlga Tokarczuk / $cDorota Nosowska.
=490  \\$aTwórca i dzieło
=600  14$aTokarczuk, Olga $d(1962- )
=655  \7$aLiteratura polska $xhistoria
=773  \\$i// $tCogito. - $g2010, nr 1, s. 38
=830  \\$aTwórca i dzieło
=904  \\$aKZ_SKR
=916  \\$aNosowska, Dorota   
=955  \7$aLiteratura polska $xhistoria
  
