=LDR  00795naa#a2200241#i#4500
=001  b0000360046221
=005  20220806195257.4
=008  110702p20112011pl pol              PL
=009  9912759159505606
=035  \\$aZAM_1165755-48omnis_zam
=035  \\$a165755$9ExL
=040  \\$aZAM W$cZAM W
=041  \\$apol
=100  1\$aBrowarny, Wojciech$d(1970- )
=245  \\$aGatunek sudecki / $cWojciech Browarny.
=520  \\$aZawiera rec. książki: Prowadź swój pług przez kości umarłych / Olga Tokarczuk. - Kraków, 2009.
=600  14$aTokarczuk, Olga $d(1962- ). $tProwadź swój pług przez kości umarłych
=655  \4$aRecenzja
=773  \\$i// $tOdra. - $g2010, nr 9, s. 129-130
=904  \\$aKZ_SKR
=916  \\$aBrowarny, Wojciech   (1970- )
=955  \4$aRecenzja
  
