=LDR  00916naa#a2200253#i#4500
=001  b0000360046758
=005  20220806195257.4
=008  110727p20112011pl pol              PL
=009  9912771599705606
=035  \\$aZAM_1166439-48omnis_zam
=035  \\$a166439$9ExL
=040  \\$aZAM W$cZAM W
=041  \\$apol
=100  1\$aTokarczuk, Olga$d(1962- )
=245  \\$aZbrodnia i astrolożka / $cOlga Tokarczuk ; rozm. przepr. Agnieszka Wolny-Hamkało.
=600  14$aTokarczuk, Olga $d(1962- ). $tProwadź swój pług przez kości umarłych
=655  \4$aPowieść polska $xhistoria $y21 w.
=700  1\$aWolny-Hamkało, Agnieszka$d(1979- )$eRozm. przepr.
=773  \\$i// $tGazeta Wyborcza. - $g2009, dod. Duży Format nr 45, s. 16-17
=904  \\$aKZ_SKR
=916  \\$aTokarczuk, Olga   (1962- )
=918  1\$aWolny-Hamkało, Agnieszka$d(1979- )
=955  \4$aPowieść polska $xhistoria $y21 w.
  
