=LDR  00909naa#a2200265#i#4500
=001  b0000360049664
=005  20220806195257.4
=008  120124p20122012pl pol              PL
=009  9912758154405606
=035  \\$aZAM_1172278-48omnis_zam
=035  \\$a172278$9ExL
=040  \\$aZAM W$cZAM W
=041  \\$apol
=100  1\$aNowacki, Dariusz$d(1965- )
=245  \\$aCzy wypada jeść mięso? / $cDariusz Nowacki.
=520  \\$aZawiera rec. książki: Prowadź swój pług przez kości umarłych / Olga Tokarczuk. - Kraków, 2009.
=600  14$aTokarczuk, Olga $d(1962- ). $tProwadź swój pług przez kości umarłych
=655  \4$aPowieść polska $y21 w.
=773  \\$i// $tGazeta Wyborcza. - $g2009, nr 275, s. 19
=904  \\$aKZ_SKR
=916  \\$aNowacki, Dariusz   (1965- )
=955  \4$aPowieść polska $y21 w.
  
