=LDR  00875naa#a2200253#i#4500
=001  b0000360050078
=005  20220806195257.4
=008  120209p20122012pl pol              PL
=009  9912761336605606
=035  \\$aZAM_1172936-48omnis_zam
=035  \\$a172936$9ExL
=040  \\$aZAM W$cZAM W
=041  \\$apol
=100  1\$aTokarczuk, Olga$d(1962- )
=245  \\$aBłąd w oprogramowaniu świata / $cOlga Tokarczuk ; rozm. przepr. Justyna Sobolewska.
=600  14$aTokarczuk, Olga $d(1962- ). $tProwadź swój pług przez kości umarłych
=655  \4$aPowieść polska $xhistoria $y21 w.
=700  1\$aSobolewska, Justyna$d(1972- )$eWywiad
=773  \\$i// $tPolityka. - $g2009, nr 45, s. 60-62
=904  \\$aKZ_SKR
=916  \\$aTokarczuk, Olga   (1962- )
=918  1\$aSobolewska, Justyna$d(1972- )
=955  \4$aPowieść polska $xhistoria $y21 w.
  
