=LDR  01102naa#a2200301#i#4500
=001  b0000360052244
=005  20220806195257.4
=008  120420p20122012pl pol              PL
=009  9912775242405606
=035  \\$aZAM_1176335-48omnis_zam
=035  \\$a176335$9ExL
=040  \\$aZAM W$cZAM W
=041  \\$apol
=100  1\$aTokarczuk, Olga$d(1962- )
=245  \\$aProszę o miejsce dla odmieńców / $cOlga Tokarczuk ; rozm. przepr. Miłada Jędrysik.
=520  \\$aDotyczy tekstów o żałobie narodowej, opublikowanych w "The New York Timesie" i "Krytyce Politycznej".
=600  14$aTokarczuk, Olga $d(1962- )
=650  \4$aŻałoba narodowa $zPolska $y2010 r.
=650  \4$aKatolicyzm $xsocjologia $zPolska $yod 1989 r.
=655  \4$aPublicystyka polska $xtematyka $y21 w.
=700  1\$aJędrysik, Miłada$eRozm. przepr.
=773  \\$i// $tGazeta Wyborcza. - $g2010, nr 106, s. 18
=904  \\$aKZ_SKR
=916  \\$aTokarczuk, Olga   (1962- )
=918  1\$aJędrysik, Miłada
=955  \4$aPublicystyka polska $xtematyka $y21 w.
  
