=LDR  00723naa#a2200229#i#4500
=001  b0000360052580
=005  20220806195258.9
=008  120505p20122012pl pol              PL
=009  9912756928905606
=035  \\$aZAM_1176743-48omnis_zam
=035  \\$a176743$9ExL
=040  \\$aZAM W$cZAM W
=041  \\$aPL
=100  1\$aNowakowska, Katarzyna
=245  \1$a"Podróż ludzi Księgi" Olgi Tokarczuk / $cKatarzyna Nowakowska.
=600  14$aTokarczuk, Olga $d(1962- ). $tPodróż ludzi Księgi
=655  \4$aPowieść polska $xhistoria $y21 w.
=773  \\$i// $tCogito. - $g2012, nr 6, s. 42-43
=904  \\$aKZ_SKR
=916  \\$aNowakowska, Katarzyna   
=955  \4$aPowieść polska $xhistoria $y21 w.
  
