=LDR  00874naa#a2200265#i#4500
=001  b0000360053113
=005  20220806195258.9
=008  120524p20122012pl pol              PL
=009  9912775981205606
=035  \\$aZAM_1177517-48omnis_zam
=035  \\$a177517$9ExL
=040  \\$aZAM W$cZAM W
=041  \\$apol
=100  1\$aNosowska, Dorota
=245  \\$aPorównanie "Sklepów cynamonowych" i "Biegunów" / $cDorota Nosowska.
=600  14$aTokarczuk, Olga $d(1962- ). $tBieguni
=655  \4$aPowieść polska $xhistoria $y20 w.
=773  \\$i// $tCogito. - $g2012, nr 11, s. 56-57
=904  \\$aKZ_SKR
=916  \\$aNosowska, Dorota   
=955  \4$aPowieść polska $xhistoria $y20 w.
  
