=LDR  00891naa#a2200265#i#4500
=001  b0000360054121
=005  20220806195257.4
=008  120627p20122012pl pol              PL
=009  9912757828605606
=035  \\$aZAM_1178844-48omnis_zam
=035  \\$a178844$9ExL
=040  \\$aZAM W$cZAM W
=041  \\$apol
=080  \\$a821.162.1(091)
=100  \\$aWIELICZKO, Karolina Ewa.
=245  \\$aLudzie bez właściwości : $bprzygody z tożsamością w powieściach Ewy Tokarczuk / $cKarolina Ewa Wieliczko.
=600  14$aTokarczuk, Olga $d(1962- )
=655  \4$aPowieść polska $xhistoria $yod 1989 r.
=773  \\$i// $tAkcent. - $g2012, nr 1, s. 77-86
=904  \\$aKZ_SKR
=916  \\$aWIELICZKO, Karolina Ewa.   
=931  \\$a821.162.1(091)
=955  \4$aPowieść polska $xhistoria $yod 1989 r.
=992  \\$ab0000004490522$b86$zperfect-author-title-4$zedition
  
