=LDR  00728naa#a2200229#i#4500
=001  b0000360063225
=005  20220806195257.4
=008  130219p20132013pl pol              PL
=009  9912772398505606
=035  \\$aZAM_1192824-48omnis_zam
=035  \\$a192824$9ExL
=040  \\$aZAM W$cZAM W
=041  \\$aPL
=100  1\$aWołodźko, Krzysztof$d(1977- )
=245  \\$aMarionetki, sny i nadzieja / $cKrzysztof Wołodźko.
=600  14$aPrus, Bolesław $d(1847-1912)
=600  14$aTokarczuk, Olga $d(1962- ). $tLalka i perła
=773  \\$i// $tZnak. - $g2012, nr 5, s. 120-123
=904  \\$aKZ_SKR
=916  \\$aWołodźko, Krzysztof   (1977- )
  
