=LDR  01119naa#a2200289#i#4500
=001  b0000360064631
=005  20220806195258.9
=008  1304183.23pl pol0        s2013    rPL   0
=009  9912769949805606
=035  \\$aZAM_1194966-48omnis_zam
=035  \\$a194966$9ExL
=040  \\$aZAM W$cZAM W
=041  \\$apol
=100  1\$aKościelniak, Marcin
=245  10$aAktorki i psy : $bekologiczny spektakl według Tokarczuk / $cMarcin Kościelniak.
=520  8\$aZawiera rec. przedstawienia: Kotlina / wg Olgi Tokarczuk ; reż. Agnieszka Olsten ; Teatr Współczesny, Wrocław.
=600  \\$aOlsten, Agnieszka $d(1977- ) $xinscenizacje
=610  \\$aTeatr Współczesny (Wrocław)
=651  \4$aWrocław (woj. dolnośląskie) $xteatr $y21 w.
=655  \7$aRecenzja teatralna
=773  1\$i// $tTygodnik Powszechny. - $g2013, nr 12, s. 44
=904  \\$aKZ_SKR
=916  \\$aKościelniak, Marcin   
=951  \4$aWrocław (woj. dolnośląskie) $xteatr $y21 w.
=955  \7$aRecenzja teatralna
  
