=LDR  00811naa#a2200253#i#4500
=001  b0000360071042
=005  20220806195257.4
=008  131018s2008    pl ||||  |||||0|| |
=009  9912761864805606
=015  \\$a2008/09
=035  \\$aZAM_1203927-48omnis_zam
=035  \\$a203927$9ExL
=040  \\$aZAM W$cZAM W
=100  1\$aĆirlić-Straszyńska, Danuta$d(1930- )
=245  10$aKolejny "boarding" / $cDanuta Cirlić-Straszyńska.
=520  8\$aZawiera rec. książki: Bieguni / Olga Tokarczuk. - Kraków, 2007.
=600  14$aTokarczuk, Olga $d(1962- ). $tBieguni
=655  \7$aRecenzja literacka
=773  1\$i// $tNowe Książki. - $g2008, nr 1, s. 52-53
=904  \\$aKZ_SKR
=915  \\$a2008/09
=916  \\$aĆirlić-Straszyńska, Danuta   (1930- )
=955  \7$aRecenzja literacka
  
