=LDR  00836naa#a2200265#i#4500
=001  b0000360073678
=005  20220806195258.9
=008  140114p20142014pl pol
=009  9912767123505606
=035  \\$aZAM_1209076-48omnis_zam
=035  \\$a209076$9ExL
=040  \\$aZAM W$cZAM W
=041  \\$apol
=100  1\$aTokarczuk, Olga$d(1962- )
=245  10$aPieczęć na niebycie / $cOlga Tokarczuk ; rozm. przepr. Jerzy Jarzębski.
=600  14$aTokarczuk, Olga $d(1962- )
=650  \4$aPisarze polscy $y20-21 w.
=655  \7$aWywiad dziennikarski
=700  1\$aJarzębski, Jerzy$d(1947- )$eRozm. przepr.
=773  \\$i// $tPrzemyski Przegląd Kulturalny. - $g2008, nr 1, s. 35-46
=904  \\$aKZ_SKR
=916  \\$aTokarczuk, Olga   (1962- )
=918  1\$aJarzębski, Jerzy$d(1947- )
=955  \7$aWywiad dziennikarski
  
