=LDR  00859naa#a2200301#i#4500
=001  b0000360080735
=005  20220806195257.4
=008  140710p20142014pl pol
=009  9912767488805606
=035  \\$aZAM_1220394-48omnis_zam
=035  \\$a220394$9ExL
=040  \\$aZAM W$cZAM W
=041  \\$apol
=100  1\$aTokarczuk, Olga$d(1962- )
=245  10$aDziś wolno Mi więcej / $cOlga Tokarczuk ; rozm. przepr. Natalia Kuc.
=500  \\$aFot.
=600  14$aTokarczuk, Olga $d(1962- )
=650  \4$aPisarze polscy $y20-21 w.
=655  \7$aWywiad dziennikarski
=700  1\$aKUC, Natalia. $eRozm. przepr.
=773  \\$i// $tTwój Styl. - $g2010, nr 5, s. 50-56
=904  \\$aKZ_SKR
=916  \\$aTokarczuk, Olga   (1962- )
=918  1\$aKUC, Natalia. 
=955  \7$aWywiad dziennikarski
  
