=LDR  00916naa#a2200265#i#4500
=001  b0000360080915
=005  20220806195257.4
=008  140715s2014    pl           |000 0
=009  9912768205205606
=035  \\$aZAM_1220599-48omnis_zam
=035  \\$a220599$9ExL
=040  \\$aZAM W$cZAM W
=100  1\$aTokarczuk, Olga$d(1962- )
=245  10$aHistorię trzeba opowiadać na nowo / $cOlaga Tokarczuk ; rozm. przepr. Michał Nogaś.
=600  14$aTokarczuk, Olga $d(1962- )
=655  \4$aPowieść polska $xhistoria $yod 1989 r.
=700  1\$aNogaś, Michał$d(1978- )$eWywiad
=773  0\$iW: $tTygodnik Powszechny. - $g2014, nr 21, dod. Festiwal Conrada, s. 18-21
=904  \\$aKZ_SKR
=916  \\$aTokarczuk, Olga   (1962- )
=918  1\$aNogaś, Michał$d(1978- )
=955  \4$aPowieść polska $xhistoria $yod 1989 r.
  
