=LDR  00992naa#a2200277#i#4500
=001  b0000360084342
=005  20220806195258.9
=008  141222s2014    pl           |000 0
=009  9912755449705606
=035  \\$aZAM_1227088-48omnis_zam
=035  \\$a227088$9ExL
=040  \\$aZAM W$cZAM W
=041  \\$apol
=100  1\$aTokarczuk, Olga$d(1962- )
=245  10$aTropem herezji : $bmiliardy żyjących przed nami ludzi nigdy nie zostało "zapisanych" / $cOlga Tokarczuk ; rozm. przepr. Tomasz Stawiszyński.
=600  14$aTokarczuk, Olga $d(1962- ). $tKsięgi Jakubowe
=655  \4$aPowieść polska $xhistoria $y21 w.
=700  1\$aStawiszyński, Tomasz$d(1978- )$eWywiad
=773  0\$iW: $tTygodnik Powszechny. - $g2014, nr 42, s. 56-59
=904  \\$aKZ_SKR
=916  \\$aTokarczuk, Olga   (1962- )
=918  1\$aStawiszyński, Tomasz$d(1978- )
=955  \4$aPowieść polska $xhistoria $y21 w.
  
