=LDR  00889naa#a2200289#i#4500
=001  b0000360084880
=005  20220806195257.4
=008  150114p20152015pl pol
=009  9912758605705606
=035  \\$aZAM_1227787-48omnis_zam
=035  \\$a227787$9ExL
=040  \\$aZAM W$cZAM W
=041  \\$apol
=100  1\$aTokarczuk, Olga$d(1962- )
=245  10$aZmieniam się więc jestem / $cOlga Tokarczuk ; rozm. przepr. Anna Jasińska ; fot. Olga Majrowska.
=600  14$aTokarczuk, Olga $d(1962- )
=650  \4$aPisarze polscy $y21 w.
=655  \7$aWywiad dziennikarski
=700  1\$aJasińska, Anna$eRozm. przepr.
=773  \\$i// $tTwój Styl. - $g2014, nr 14, s. 56-62
=904  \\$aKZ_SKR
=916  \\$aTokarczuk, Olga   (1962- )
=918  1\$aJasińska, Anna
=955  \7$aWywiad dziennikarski
  
