=LDR  00810naa#a2200241#i#4500
=001  b0000360085605
=005  20220806195257.4
=008  150129p20152015pl pol
=009  9912777144305606
=035  \\$aZAM_1228966-48omnis_zam
=035  \\$a228966$9ExL
=040  \\$aZAM W$cZAM W
=041  \\$apol
=100  1\$aCzapliński, Przemysław$d(1962- )
=245  10$a"Księgi Jakubowe", czyli dwieście lat samotności / $cPrzemysław Czapliński.
=520  8\$aZawiera rec. książki: Księgi Jakubowe / Olga Tokarczuk. - Kraków, 2014.
=600  14$aTokarczuk, Olga $d(1962- ). $tKsięgi Jakubowe
=655  \7$aRecenzja literacka
=773  \\$i// $tGazeta Wyborcza. - $g2014, nr 245, s. 16-17
=904  \\$aKZ_SKR
=916  \\$aCzapliński, Przemysław   (1962- )
=955  \7$aRecenzja literacka
  
