=LDR  00698naa#a2200217#i#4500
=001  b0000360086499
=005  20220806195257.4
=008  150217p20152015pl pol
=009  9912759118505606
=035  \\$aZAM_1230130-48omnis_zam
=035  \\$a230130$9ExL
=040  \\$aZAM W$cZAM W
=041  \\$apol
=100  1\$aWęgrzyniak, Rafał$d(1960- )
=245  10$aWariacje na temat Tokarczuk / $cRafał Węgrzyniak.
=600  \\$aOlsten, Agnieszka $d(1977- ) $xinscenizacje
=773  \\$i// $tOdra. - $g2013, nr 5, s. 98-99
=904  \\$aKZ_SKR
=916  \\$aWęgrzyniak, Rafał   (1960- )
  
