=LDR  00686naa#a2200217#i#4500
=001  b0000360086820
=005  20220806195257.4
=008  150224s2014    pl           |000 0
=009  9912777087005606
=035  \\$aZAM_1230526-48omnis_zam
=035  \\$a230526$9ExL
=040  \\$aZAM W$cZAM W
=100  1\$aOwczarski, Wojciech$d(1970- )
=245  10$aIroniczne sny Olgi Tokarczuk / $cWojciech Owczarski.
=600  14$aTokarczuk, Olga $d(1962- )
=655  \7$aLiteratura polska $xhistoria $yod 1944 r.
=773  0\$iW: $tOdra. - $g2014, nr 2, s. 72-76
=904  \\$aKZ_SKR
=916  \\$aOwczarski, Wojciech   (1970- )
=955  \7$aLiteratura polska $xhistoria $yod 1944 r.
  
