=LDR  00844naa#a2200265#i#4500
=001  b0000360086853
=005  20220806195257.4
=008  150224p20152015pl pol
=009  9912777193405606
=035  \\$aZAM_1230576-48omnis_zam
=035  \\$a230576$9ExL
=040  \\$aZAM W$cZAM W
=041  \\$apol
=100  1\$aPIETRYCH, Krystyna.
=245  10$aKsięgi Jakubowe-powieść współczesna / $cKrystyna Pietrych.
=520  8\$aZawiera rec. książki: Księgi Jakubowe / Olga Tokarczuk. - Kraków, 2014.
=600  14$aTokarczuk, Olga $d(1962- ). $tKsięgi Jakubowe
=655  \4$aPowieść polska $y21 w.
=773  \\$i// $tNowe Książki. - $g2015, nr 2, s. 71-72
=904  \\$aKZ_SKR
=916  \\$aPIETRYCH, Krystyna.   
=955  \4$aPowieść polska $y21 w.
  
