=LDR  00756naa#a2200229#i#4500
=001  b0000360088122
=005  20220806195257.4
=008  150401s2228    pl           |000 0
=009  9912771249505606
=035  \\$aZAM_1232434-48omnis_zam
=035  \\$a232434$9ExL
=040  \\$aZAM W$cZAM W
=100  1\$aSobolewska, Justyna$d(1972- )
=245  10$aNowa podróż ludzi Księgi / $cJustyna Sobolewska.
=520  8\$aZawiera rec. książki: Księgi Jakubowe / Olga Tokarczuk. - Kraków, 2014.
=600  14$aTokarczuk, Olga $d(1962- ). $tKsięgi Jakubowe
=655  \7$aRecenzja literacka
=773  0\$iW: $tPolityka. - $g2014, nr 43, s. 84-85
=904  \\$aKZ_SKR
=916  \\$aSobolewska, Justyna   (1972- )
=955  \7$aRecenzja literacka
  
