=LDR  00754naa#a2200229#i#4500
=001  b0000360089350
=005  20220806195257.4
=008  150511s2015    pl           |000 0
=009  9912755411405606
=035  \\$aZAM_1234426-48omnis_zam
=035  \\$a234426$9ExL
=040  \\$aZAM W$cZAM W
=100  1\$aWiśniewski, Radosław$d(1981- )
=245  10$aRozdroża wybitności / $cRadosław Wiśniewski.
=520  8\$aZawiera rec. książki: Księgi Jakubowe / Olga Tokarczuk. - Kraków, 2014.
=600  14$aTokarczuk, Olga $d(1962- ). $tKsięgi Jakubowe
=655  \7$aRecenzja literacka
=773  0\$iW: $tOdra. - $g2015, nr 3, s. 82-85
=904  \\$aKZ_SKR
=916  \\$aWiśniewski, Radosław   (1981- )
=955  \7$aRecenzja literacka
  
