=LDR  00735naa#a2200229#i#4500
=001  b0000360089948
=005  20220806195257.4
=008  150610p20152015pl pol
=009  9912765592305606
=035  \\$aZAM_1235465-48omnis_zam
=035  \\$a235465$9ExL
=040  \\$aZAM W$cZAM W
=100  1\$aBugajski, Leszek$d(1949- )
=245  10$aWiele hałasu o nic / $cLeszek Bugajski.
=520  8\$aZawiera rec. książki: Księgi Jakubowe / Olga Tokarczuk. - Kraków, 2014.
=600  14$aTokarczuk, Olga $d(1962- ). $tKsięgi Jakubowe
=655  \7$aRecenzja literacka
=773  0\$iW: $tRzeczpospolita. - $g2014, nr 260, s. P18-P19
=904  \\$aKZ_SKR
=916  \\$aBugajski, Leszek   (1949- )
=955  \7$aRecenzja literacka
  
