=LDR  01190naa#a2200241#i#4500
=001  b0000360092364
=005  20220806195257.4
=008  151006p20152015pl pol
=009  9912760283305606
=035  \\$aZAM_1239668-48omnis_zam
=035  \\$a239668$9ExL
=040  \\$aZAM W$cZAM W
=041  \\$apol
=100  1\$aSobolewska, Justyna$d(1972- )
=245  \\$aTokarczuk : $bposzukiwacze / $cJustyna Sobolewska.
=520  \\$a Zawiera rec. książki: Księgi Jakubowe albo Wielka podróż przez siedem granic, pięć języków i trzy duże religie, nie licząc tych małych : opowiadana przez zmarłych, a przez autorkę dopełniona metodą koniektury, z wielu rozmaitych ksiąg zaczerpnięta, a także wspomożona imaginacją, która to jest największym naturalnym darem człowieka / Olga Tokarczuk. - Kraków, 2014.
=600  14$aTokarczuk, Olga $d(1962- ). $tKsięgi Jakubowe albo Wielka podróż przez siedem granic, pięć języków i trzy duże religie, nie licząc tych małych
=655  \7$aRecenzja literacka
=773  \\$i// $tGazeta Wyborcza. - $g2015, nr 206, s. 17
=904  \\$aKZ_SKR
=916  \\$aSobolewska, Justyna   (1972- )
=955  \7$aRecenzja literacka
  
