=LDR  00986naa#a2200277#i#4500
=001  b0000360092828
=005  20220806195258.9
=008  151021s5201    pl           |000 0
=009  9912773702705606
=015  \\$aPrasa 2015/10/05
=035  \\$aZAM_1240285-48omnis_zam
=035  \\$a240285$9ExL
=040  \\$aZAM W$cZAM W
=041  \\$apol
=100  1\$aSobolewski, Tadeusz$d(1947- )
=245  10$aTokarczuk i poszukiwacze światła / $cTadeusz Sobolewski.
=600  14$aTokarczuk, Olga $d(1962- ). $tKsięgi Jakubowe albo Wielka podróż przez siedem granic, pięć języków i trzy duże religie, nie licząc tych małych
=650  \4$aNagroda Literacka Nike
=655  \7$aLiteratura polska $xhistoria $y21 w.
=773  0\$iW: $tGazeta Wyborcza. - $g2015, nr 232, s. 16-17.
=904  \\$aKZ_SKR
=915  \\$aPrasa 2015/10/05
=916  \\$aSobolewski, Tadeusz   (1947- )
=955  \7$aLiteratura polska $xhistoria $y21 w.
  
