=LDR  01055naa#a2200289#i#4500
=001  b0000360095007
=005  20220806195257.4
=008  160122s2015    pl           |000 0
=009  9912773355105606
=035  \\$aZAM_1243602-48omnis_zam
=035  \\$a243602$9ExL
=040  \\$aZAM W$cZAM W
=100  1\$aTokarczuk, Olga$d(1962- )
=245  10$aBrakujące światy / $cOlga Tokarczuk ; rozm. przepr. Darek Foks.
=520  8\$aWokół książki "Księgi Jakubowe". Skrócony zapis spotkania, które odbyło się podczas Festiwalu Conrada.
=600  14$aTokarczuk, Olga $d(1962- ). $tKsięgi Jakubowe
=650  \4$aPisarze polscy $yod 1989 r.
=655  \7$aWywiad dziennikarski
=700  1\$aFoks, Darek$d(1966- )$eRozm. przepr.
=773  0\$iW: $tTygodnik Powszechny. - $g2015, nr 44, s. 90-91.
=904  \\$aKZ_SKR
=916  \\$aTokarczuk, Olga   (1962- )
=918  1\$aFoks, Darek$d(1966- )
=955  \7$aWywiad dziennikarski
  
