=LDR  01057naa#a2200265#i#4500
=001  b0000360095444
=005  20220806195257.4
=008  160206p20162016pl pol
=009  9912772720905606
=035  \\$aZAM_1244148-48omnis_zam
=035  \\$a244148$9ExL
=040  \\$aZAM W$cZAM W
=100  1\$aKoehler, Krzysztof$d(1963- )
=245  10$aSamozwańcza nauczycielka historii / $cKrzysztof Koehler.
=520  8\$aNa marginesie książki "Księgi Jakubowe albo Wielka podróż przez siedem granic, pięć języków i trzy duże religie, nie licząc tych małych" Olgi Tokarczuk.
=600  14$aTokarczuk, Olga $d(1962- ). $tKsięgi Jakubowe albo Wielka podróż przez siedem granic, pięć języków i trzy duże religie, nie licząc tych małych
=650  \4$aPisarze polscy $yod 1989 r.
=651  \4$aPolska $y16-19 w.
=773  0\$i// $tRzeczpospolita. - $g2015, nr 238, s. A11
=904  \\$aKZ_SKR
=916  \\$aKoehler, Krzysztof   (1963- )
=951  \4$aPolska $y16-19 w.
  
