=LDR  00781naa#a2200241#i#4500
=001  b0000360095473
=005  20220806195257.4
=008  160208p20162016pl pol
=009  9912772742605606
=035  \\$aZAM_1244187-48omnis_zam
=035  \\$a244187$9ExL
=040  \\$aZAM W$cZAM W
=100  1\$aStanisławski, Wojciech$d(1968- )
=245  10$aNasz ból : $bnasz i niczyj inny / $cWojciech Stanisławski.
=600  14$aTokarczuk, Olga $d(1962- )
=650  \4$aŚwiadomość społeczna $zPolska $y19-20 w.
=650  \4$aPostawy $zPolska $y19-20 w.
=650  \4$aPostawy $zPolska $y21 w.
=773  0\$iW: $tRzeczpospolita. - $g2015, nr 255, s. 4-7
=904  \\$aKZ_SKR
=916  \\$aStanisławski, Wojciech   (1968- )
  
