=LDR  00843naa#a2200253#i#4500
=001  b0000360103880
=005  20220806195257.4
=008  170419p20172017pl                  pol
=009  9912773566305606
=035  \\$aZAM_1257945-48omnis_zam
=035  \\$a257945$9ExL
=040  \\$aZAM W$cZAM W
=100  1\$aZaremba, Piotr$d(1963- )
=245  10$aRewolucja podstarzałych hippisów / $cPiotr Zaremba.
=600  14$aHolland, Agnieszka $d(1948- )
=630  04$aPokot (film ; 2017)
=655  \7$aFilm polski $xhistoria $y21 w.
=773  0\$i// $tW Sieci. - $g2017, nr 10, s. 64-65
=904  \\$aKZ_SKR
=916  \\$aZaremba, Piotr   (1963- )
=930  04$aPokot (film ; 2017)
=955  \7$aFilm polski $xhistoria $y21 w.
  
