=LDR  01030naa#a2200313#i#4500
=001  b0000360106030
=005  20220806195257.4
=008  170905p20172017pl                  pol
=009  9912762956905606
=035  \\$aZAM_1261858-48omnis_zam
=035  \\$a261858$9ExL
=040  \\$aZAM W$cZAM W
=041  0\$apol
=100  1\$aTokarczuk, Olga$d(1962- )
=245  10$aŚwiat stał się brzydki / $cOlga Tokarczuk ; rozm. przepr. Janusz Wróblewski.
=600  14$aTokarczuk, Olga $d(1962- )
=600  14$aTokarczuk, Olga $d(1962- ). $tProwadź swój pług przez kości umarłych
=630  04$aPokot (film ; 2017)
=650  \4$aPisarze polscy $y20-21 w.
=655  \7$aWywiad dziennikarski
=700  1\$aWróblewski, Janusz$eRozm. przepr.
=773  \\$i// $tPolityka. - $g2017, nr 31, s. 76-78
=904  \\$aKZ_SKR
=916  \\$aTokarczuk, Olga   (1962- )
=918  1\$aWróblewski, Janusz
=930  04$aPokot (film ; 2017)
=955  \7$aWywiad dziennikarski
  
