=LDR  01358naa#a2200397#i#4500
=001  b0000360106912
=005  20220806195257.4
=008  171011p20172017pl                  pol
=009  9912772240605606
=035  \\$aZAM_1263339-48omnis_zam
=035  \\$a263339$9ExL
=040  \\$aZAM W$cZAM W
=041  0\$apol
=100  1\$aHolland, Agnieszka$d(1948- )
=245  10$aPo nas choćby pokot / $cŁukasz Maciejewski, Agnieszka Holland, Olga Tokarczuk ; rozm. przepr. Piotr Czerkawski, Marcin Radomski.
=600  14$aTokarczuk, Olga $d(1962- ). $tProwadź swój pług przez kości umarłych
=650  \4$aKryminologia
=650  \4$aPisarze polscy
=655  \4$aAdaptacja filmowa
=655  \4$aDramat filmowy
=655  \4$aDramat filmowy $y21 w.
=700  1\$aCzerkawski, Piotr$eWywiad
=773  \\$i// $tDziennik Gazeta Prawna. - $g2017, nr 39, dod. Kultura, s. K2-K3
=904  \\$aKZ_SKR
=916  \\$aHolland, Agnieszka   (1948- )
=918  1\$aCzerkawski, Piotr
=955  \4$aAdaptacja filmowa
=955  \4$aDramat filmowy
=955  \4$aDramat filmowy $y21 w.
  
