=LDR  01701naa#a2200433#i#4500
=001  b0000360110134
=005  20220806195257.4
=008  180305p20182018pl                  pol
=009  9912776399405606
=035  \\$aZAM_1268567-48omnis_zam
=035  \\$a268567$9ExL
=040  \\$aZAM W$cZAM W
=245  00$aEcha i tęsknoty romantyczne w polskiej kulturze współczesnej : $b"Opowieści galicyjskie" Andrzeja Stasiuka, "Prawiek" Olgi Tokarczuk oraz "Świteź" Kamila Polaka w poetyce "Ballad i romansów" Adama Mickiewicza / $cMarta Piwińska, Katarzyna Buszkowska, Olga Zakolska, Arkadiusz Doktór.
=600  17$aMickiewicz, Adam $d(1798-1855). $tBallady i romanse
=600  14$aPolak, Kamil $d(1980- )
=600  14$aStasiuk, Andrzej $d(1960- ). $tOpowieści galicyjskie
=630  04$aŚwiteź (film ; 2005)
=648  \4$a1901-2000
=648  \4$a2001-
=655  \7$aFilm polski $xhistoria $y21 w.
=655  \7$aLiteratura polska $xhistoria $y21 w.
=700  1\$aPiwińska, Marta$d(1937- )
=700  1\$aBuszkowska, Katarzyna
=700  1\$aZakolska, Olga
=773  0\$i// $tPamiętnik Literacki. - $g2016, z. 4, s. 63-78
=904  \\$aKZ_SKR
=918  1\$aPiwińska, Marta$d(1937- )
=918  1\$aBuszkowska, Katarzyna
=918  1\$aZakolska, Olga
=930  04$aŚwiteź (film ; 2005)
=955  \7$aFilm polski $xhistoria $y21 w.
=955  \7$aLiteratura polska $xhistoria $y21 w.
  
