=LDR  00862naa#a2200253#i#4500
=001  b0000360111026
=005  20220806195257.4
=008  180428p20182018pl                  pol
=009  9912762843305606
=035  \\$aZAM_1270664-48omnis_zam
=035  \\$a270664$9ExL
=040  \\$aZAM W$cZAM W
=100  1\$aTokarczuk, Olga$d(1962- )
=245  10$aŚwiaty bizarne / $cOlga Tokarucz ; rozm. przepr. Katarzyna Kubisiowska.
=600  14$aTokarczuk, Olga $d(1962- )
=650  \4$aPisarze polscy $y20-21 w.
=655  \7$aLiteratura polska $xhistoria $y20-21 w.
=700  1\$aKubisiowska, Katarzyna$d(1971- )$eWywiad
=773  0\$iW: $tTygodnik Powszechny. - $g2018, nr 14, s. 88-92
=904  \\$aKZ_SKR
=916  \\$aTokarczuk, Olga   (1962- )
=918  1\$aKubisiowska, Katarzyna$d(1971- )
=955  \7$aLiteratura polska $xhistoria $y20-21 w.
  
