=LDR  00627naa#a2200205#i#4500
=001  b0000360111846
=005  20220806195257.4
=008  180619p20182018pl                  pol
=009  9912762697505606
=035  \\$aZAM_1272243-48omnis_zam
=035  \\$a272243$9ExL
=040  \\$aZAM W$cZAM W
=100  1\$aBarbaruk, Magdalena$d(1981- )
=245  10$aBiegnij Olga, biegnij! / $cMagdalena Barbaruk.
=600  14$aTokarczuk, Olga $d(1962- ). $tBieguni
=650  \4$aNagroda Bookera
=773  \\$i// $tTygodnik Powszechny. - $g2018, nr 23, s. 78-81
=904  \\$aKZ_SKR
=916  \\$aBarbaruk, Magdalena   (1981- )
  
