=LDR  00757naa#a2200229#i#4500
=001  b0000360113360
=005  20220806195257.4
=008  181026p20182018pl                  pol
=009  9912775108105606
=035  \\$aZAM_1275482-48omnis_zam
=035  \\$a275482$9ExL
=040  \\$aZAM W$cZAM W
=100  1\$aSobolewska, Justyna$d(1972- )
=245  10$aDziwna zmiana / $cJustyna Sobolewska.
=520  8\$aZawiera recenzję książki: Opowiadania bizarne / Olga Tokarczuk. - Kraków, 2018.
=600  14$aTokarczuk, Olga $d(1962- ). $tOpowiadania bizarne
=655  \7$aRecenzja literacka
=773  0\$i// $tPolityka. - $g2018, nr 16, s. 78-79
=904  \\$aKZ_SKR
=916  \\$aSobolewska, Justyna   (1972- )
=955  \7$aRecenzja literacka
  
