=LDR  00716naa#a2200253#i#4500
=001  b0000360113408
=005  20220806195257.4
=008  181031p20182018pl                  pol
=009  9912771880905606
=035  \\$aZAM_1275605-48omnis_zam
=035  \\$a275605$9ExL
=040  \\$aZAM W$cZAM W
=100  1\$aBugajski, Leszek$d(1949- )
=245  10$aRuszyła winda na literacki szczyt / $cLeszek Bugajski.
=600  14$aTokarczuk, Olga $d(1962- )
=648  \4$a1901-2000
=648  \4$a2001-
=648  \4$a1989-2000
=650  \4$aPisarze polscy $y20-21 w.
=773  0\$i// $tWprost. - $g2018, nr 22, s. 83-85
=904  \\$aKZ_SKR
=916  \\$aBugajski, Leszek   (1949- )
  
