=LDR  0203500caa220055300 4500
=001  b0000360114471
=005  20220809190805.2
=008  190319p20182019pl                  pol
=009  9912768275205606
=035  \\$aZAM_1278092-48omnis_zam
=035  \\$a278092$9ExL
=040  \\$aZAM W$cZAM W
=045  0\$bd2018
=046  \\$k2018
=100  17$aMartić, Mladen$d(1949- )
=245  10$aKsięgi ponadnarodowe / $cMladen Martić ; rozm. przepr. Aleksandra Wojtaszek.
=260  \\$c25 XI 2018
=336  \\$aTekst $btxt $2rdacontent
=337  \\$aBez urządzenia pośredniczącego $bn $2rdamedia
=338  \\$aWolumin $bnc $2rdacarrier
=380  \\$aArtykuły
=388  1\$a2001-
=520  8\$aRozmowa z tłumaczem na język chorwacki "Ksiąg Jakubowych" Olgi Tokarczuk.
=600  17$aMartić, Mladen $d(1949- )
=648  \7$a2001-
=650  \\$aJęzyk chorwacki
=650  \4$aTłumacze $zChorwacja $y20-21 w.
=655  \7$aLiteratura polska $xhistoria $y20-21 w.
=655  \4$aPowieść polska $xhistoria $y20-21 w.
=655  \7$aArtykuł z czasopisma katolickiego
=655  \7$aArtykuł z czasopisma kulturalnego
=655  \7$aArtykuł z czasopisma społeczno-politycznego
=700  1\$aWojtaszek, Aleksandra$eRozm. przepr.
=773  0\$iW: $tTygodnik Powszechny. - $g2018, nr 48, s. 62-63
=916  \\$aMartić, Mladen   (1949- )
=918  1\$aWojtaszek, Aleksandra
=945  0\$b2018
=946  \\$k2018
=955  \7$aLiteratura polska $xhistoria $y20-21 w.
=955  \4$aPowieść polska $xhistoria $y20-21 w.
=955  \7$aArtykuł z czasopisma katolickiego
=955  \7$aArtykuł z czasopisma kulturalnego
=955  \7$aArtykuł z czasopisma społeczno-politycznego
=980  \\$aArtykuły
  
