=LDR  01458naa#a2200421#i#4500
=001  b0000360114675
=005  20220806195257.4
=008  190405p20192019pl                  pol
=009  9912775022105606
=035  \\$aZAM_1278477-48omnis_zam
=035  \\$a278477$9ExL
=040  \\$aZAM W$cZAM W
=100  1\$aOrski, Mieczysław$d(1943- )
=245  10$aW świecie świętych klonów i egonów / $cMieczysław Orski.
=336  \\$aTekst $btxt $2rdacontent
=337  \\$aBez urządzenia pośredniczącego $bn $2rdamedia
=338  \\$aWolumin $bnc $2rdacarrier
=380  \\$aArtykuły
=388  1\$a2001-
=520  8\$aZawiera recenzję książki: Opowiadania bizarne / Olga Tokarczuk. - Kraków, 2018.
=600  14$aTokarczuk, Olga $d(1962- ). $tOpowiadania bizarne
=648  \7$a2001- $2DBN
=650  \4$aLiteraturoznawstwo
=655  \7$aLiteratura polska
=655  \7$aArtykuł z czasopisma kulturalnego
=655  \4$aArtykuł z czasopisma literackiego
=655  \7$aArtykuł z czasopisma społeczno-politycznego
=773  0\$i// $tOdra. - $g2018, nr 9, s. 115-116
=904  \\$aKZ_SKR
=916  \\$aOrski, Mieczysław   (1943- )
=955  \7$aLiteratura polska
=955  \7$aArtykuł z czasopisma kulturalnego
=955  \4$aArtykuł z czasopisma literackiego
=955  \7$aArtykuł z czasopisma społeczno-politycznego
=980  \\$aArtykuły
  
