=LDR  01546naa#a2200505#i#4500
=001  b0000360117410
=005  20220806195257.4
=008  191220p20192019pl                  pol
=009  9912762349805606
=035  \\$aZAM_1284516-48omnis_zam
=035  \\$a284516$9ExL
=040  \\$aZAM W$cZAM W
=045  2\$bd2010 $bd2018
=046  \\$k2018
=100  1\$aSobolewska, Justyna$d(1972- )
=245  10$aBooker otwiera drzwi / $cJustyna Sobolewska.
=336  \\$aTekst $btxt $2rdacontent
=337  \\$aBez urządzenia pośredniczącego $bn $2rdamedia
=338  \\$aWolumin $bnc $2rdacarrier
=380  \\$aArtykuły
=388  1\$a2001-
=500  \\$aOlga Tokarczuk Laureatką nagrody : International Man Booker Prize.
=600  17$aCroft, Jennifer
=648  \7$a2001- $2DBN
=650  \4$aNagrody literackie
=650  \4$aPisarze polscy
=655  \7$aLiteratura polska
=655  \4$aPowieść
=655  \7$aArtykuł publicystyczny
=773  0\$iW: $tPolityka. - $g2018, nr 22, s. 99-100
=904  \\$aKZ_SKR
=916  \\$aSobolewska, Justyna   (1972- )
=945  2\$b2010 $b2018
=946  \\$k2018
=955  \7$aLiteratura polska
=955  \4$aPowieść
=955  \7$aArtykuł publicystyczny
=980  \\$aArtykuły
  
