=LDR  00729naa#a2200229#i#4500
=001  b0000360117558
=005  20220806195257.4
=008  200102p20202020pl                  pol
=009  9912764802705606
=035  \\$aZAM_1284698-48omnis_zam
=035  \\$a284698$9ExL
=040  \\$aZAM W$cZAM W
=041  0\$apol
=100  1\$aWasilewski, Jan
=245  00$aOlga Tokarczuk : $bco polecić by nie zniechęcić? / $cJan Wasilewski.
=600  14$aTokarczuk, Olga $d(1962- )
=650  \4$aCzytelnictwo młodzieżowe $xpopularyzacja $zPolska $y21 w.
=773  0\$i// $tBiblioteka w Szkole. - $g2019, nr 11, s. 41
=904  \\$aKZ_SKR
=916  \\$aWasilewski, Jan   
  
