=LDR  01676naa#a2200601#i#4500
=001  b0000360117937
=005  20220806195257.4
=008  200124p20202020pl                  pol
=009  9912765681505606
=035  \\$aZAM_1285336-48omnis_zam
=035  \\$a285336$9ExL
=040  \\$aZAM W$cZAM W
=045  2\$bd1938 $bd2019
=046  \\$k2019
=100  1\$aTokarczuk, Olga$d(1962- )
=245  10$aPolska nie jest pępkiem świata / $cOlga Tokarczuk ; rozmawiał Adam Cissowski.
=336  \\$aTekst $btxt $2rdacontent
=337  \\$aBez urządzenia pośredniczącego $bn $2rdamedia
=338  \\$aWolumin $bnc $2rdacarrier
=380  \\$aArtykuły
=388  1\$a2001-
=600  14$aTokarczuk, Olga $d(1962- )
=648  \7$a2001- $2DBN
=648  \7$a1989-2000 $2DBN
=648  \7$a1945-1989 $2DBN
=648  \7$a1901-2000 $2DBN
=650  \\$aNagrody
=650  \4$aPisarze
=651  \4$aEuropa
=651  \4$aPolska
=655  \7$aArtykuł z tygodnika opinii
=655  \7$aWywiad dziennikarski
=658  \\$aKultura i sztuka
=700  1\$aCissowski, Adam$eWywiad
=773  0\$iW: $tWprost. - $g2019, nr 19, s. 72-75
=904  \\$aKZ_SKR
=916  \\$aTokarczuk, Olga   (1962- )
=918  1\$aCissowski, Adam
=945  2\$b1938 $b2019
=946  \\$k2019
=951  \4$aEuropa
=951  \4$aPolska
=955  \7$aArtykuł z tygodnika opinii
=955  \7$aWywiad dziennikarski
=958  \\$aKultura i sztuka
=980  \\$aArtykuły
  
