=LDR  01718naa#a2200577#i#4500
=001  b0000360117954
=005  20220806195257.4
=008  200127p20202020pl                  pol
=009  9912762544005606
=035  \\$aZAM_1285353-48omnis_zam
=035  \\$a285353$9ExL
=040  \\$aZAM W$cZAM W
=045  2\$bd1970 $bd2019
=046  \\$k2019
=100  1\$aBugajski, Leszek$d(1949- )
=245  10$aCo jest, a co będzie / $cLeszek Bugajski.
=336  \\$aTekst $btxt $2rdacontent
=337  \\$aBez urządzenia pośredniczącego $bn $2rdamedia
=338  \\$aWolumin $bnc $2rdacarrier
=380  \\$aArtykuły
=388  1\$a2001-
=600  14$aTokarczuk, Olga $d(1962- )
=600  14$aMasłowska, Dorota $d(1983- )
=648  \7$a1901-2000 $2DBN
=648  \7$a1945-1989 $2DBN
=648  \7$a1989-2000 $2DBN
=650  \4$aPisarze polscy
=650  \4$aLiteraturoznawstwo
=650  \7$aLiteratura popularna
=651  \4$aPolska
=655  \7$aLiteratura polska
=655  \7$aArtykuł publicystyczny
=658  \7$aSocjologia i społeczeństwo
=773  0\$iW: $tWprost. - $g2019, nr 23, s. 76-79
=904  \\$aKZ_SKR
=916  \\$aBugajski, Leszek   (1949- )
=945  2\$b1970 $b2019
=946  \\$k2019
=951  \4$aPolska
=955  \7$aLiteratura polska
=955  \7$aArtykuł publicystyczny
=958  \7$aSocjologia i społeczeństwo
=980  \\$aArtykuły
  
