=LDR  0157100caa220049300 4500
=001  b0000360118004
=005  20220809190800.4
=008  200128p20192020pl                  pol
=009  9912763633205606
=035  \\$aZAM_1285405-48omnis_zam
=035  \\$a285405$9ExL
=040  \\$aZAM W$cZAM W
=045  0\$bd1993 $bd2019
=046  \\$k2019
=100  1\$aKoziołek, Ryszard$d(1966- )
=245  10$aPani Literatura / $cRyszard Koziołek.
=260  \\$c20 X 2019
=336  \\$aTekst $btxt $2rdacontent
=337  \\$aBez urządzenia pośredniczącego $bn $2rdamedia
=338  \\$aWolumin $bnc $2rdacarrier
=380  \\$aLiteratura faktu, eseje, publicystyka
=388  1\$a2001-
=600  14$aTokarczuk, Olga $d(1962- )
=648  \7$a2001-
=650  \4$aPisarze polscy
=655  \7$aLiteratura polska
=655  \7$aArtykuł publicystyczny
=655  \7$aArtykuł z czasopisma katolickiego
=655  \7$aArtykuł z czasopisma kulturalnego
=773  0\$iW: $tTygodnik Powszechny. - $g2019, nr 42, s. 12-17
=916  \\$aKoziołek, Ryszard   (1966- )
=945  0\$b1993 $b2019
=946  \\$k2019
=955  \7$aLiteratura polska
=955  \7$aArtykuł publicystyczny
=955  \7$aArtykuł z czasopisma katolickiego
=955  \7$aArtykuł z czasopisma kulturalnego
=980  \\$aLiteratura faktu, eseje, publicystyka
  
