=LDR  0161800caa220051700 4500
=001  b0000360118006
=005  20220809190800.4
=008  200128p20192020pl                  pol
=009  9912763628405606
=035  \\$aZAM_1285407-48omnis_zam
=035  \\$a285407$9ExL
=040  \\$aZAM W$cZAM W
=045  0\$bd2019
=046  \\$k2019
=100  1\$aOchędowska, Monika
=245  10$aDo grona szczęśliwych / $cMonika Ochędowska.
=260  \\$c20 X 2019
=336  \\$aTekst $btxt $2rdacontent
=337  \\$aBez urządzenia pośredniczącego $bn $2rdamedia
=338  \\$aWolumin $bnc $2rdacarrier
=380  \\$aArtykuły
=388  1\$a2001-
=600  14$aTokarczuk, Olga $d(1962- )
=648  \7$a2001-
=650  \4$aCzytelnictwo
=650  \4$aPisarze polscy
=650  \4$aLiteraturoznawstwo
=655  \7$aLiteratura polska
=655  \7$aArtykuł publicystyczny
=655  \7$aArtykuł z czasopisma katolickiego
=655  \7$aArtykuł z czasopisma kulturalnego
=773  0\$iW: $tTygodnik Powszechny. - $g2019, nr 42, s. 17-18
=916  \\$aOchędowska, Monika   
=945  0\$b2019
=946  \\$k2019
=955  \7$aLiteratura polska
=955  \7$aArtykuł publicystyczny
=955  \7$aArtykuł z czasopisma katolickiego
=955  \7$aArtykuł z czasopisma kulturalnego
=980  \\$aArtykuły
  
