=LDR  0161900caa220050500 4500
=001  b0000360118007
=005  20220809190805.2
=008  200128p20192020pl                  pol
=009  9912763626005606
=035  \\$aZAM_1285408-48omnis_zam
=035  \\$a285408$9ExL
=040  \\$aZAM W$cZAM W
=045  0\$bd1996
=046  \\$k2019
=100  1\$aTokarczuk, Olga$d(1962- )
=245  10$aŚwiat z odwrotnej strony / $cOlga Tokarczuk.
=260  \\$c20 X 2019
=336  \\$aTekst $btxt $2rdacontent
=337  \\$aBez urządzenia pośredniczącego $bn $2rdamedia
=338  \\$aWolumin $bnc $2rdacarrier
=380  \\$aArtykuły
=388  1\$a2001-
=520  8\$aPrzedruk artykułu z "Tygodnika Powszechnego" 1996, nr 46.
=600  14$aTokarczuk, Olga $d(1962- )
=648  \7$a1901-2000
=650  \4$aPisarze polscy
=650  \4$aHistoria
=655  \7$aArtykuł publicystyczny
=655  \7$aArtykuł z czasopisma katolickiego
=655  \7$aArtykuł z czasopisma kulturalnego
=773  0\$iW: $tTygodnik Powszechny. - $g2019, nr 42, s. 19-21
=916  \\$aTokarczuk, Olga   (1962- )
=945  0\$b1996
=946  \\$k2019
=955  \7$aArtykuł publicystyczny
=955  \7$aArtykuł z czasopisma katolickiego
=955  \7$aArtykuł z czasopisma kulturalnego
=980  \\$aArtykuły
  
