=LDR  01733naa#a2200613#i#4500
=001  b0000360118039
=005  20220806195258.9
=008  200129p20202020pl                  pol
=009  9912763673005606
=035  \\$aZAM_1285462-48omnis_zam
=035  \\$a285462$9ExL
=040  \\$aZAM W$cZAM W
=045  2\$bd1701 $bd2019
=046  \\$k2019
=100  1\$aBugajski, Leszek$d(1949- )
=245  10$aKoronacja. Nobel dla Polki / $cLeszek Bugajski.
=336  \\$aTekst $btxt $2rdacontent
=337  \\$aBez urządzenia pośredniczącego $bn $2rdamedia
=338  \\$aWolumin $bnc $2rdacarrier
=380  \\$aArtykuły
=388  1\$a2001-
=600  14$aTokarczuk, Olga $d(1962- )
=648  \7$a2001- $2DBN
=648  \7$a1801-1900 $2DBN
=648  \7$a1701-1800 $2DBN
=650  \7$aLaureaci
=650  \7$aLiteracka Nagroda Nobla
=650  \4$aPisarze
=650  \4$aTwórczość
=651  \4$aPolska
=651  \4$aSzwecja
=655  \7$aArtykuł publicystyczny
=658  \\$aKultura i sztuka
=773  0\$iW: $tWprost. - $g2019, nr 42, s. 36-39
=904  \\$aKZ_SKR
=916  \\$aBugajski, Leszek   (1949- )
=945  2\$b1701 $b2019
=946  \\$k2019
=951  \4$aPolska
=951  \4$aSzwecja
=955  \7$aArtykuł publicystyczny
=958  \\$aKultura i sztuka
=980  \\$aArtykuły
  
