=LDR  0176100caa220054100 4500
=001  b0000360118045
=005  20220809190805.2
=008  200129p20192020pl                  pol
=009  9912763658605606
=035  \\$aZAM_1285471-48omnis_zam
=035  \\$a285471$9ExL
=040  \\$aZAM W$cZAM W
=045  0\$bd2019
=046  \\$k2019
=100  1\$aTokarczuk, Olga$d(1962- )
=245  10$aPostacie na wolności / $cOlga Tokarczuk, pisarka ; rozmawiał Michał Paweł Markowski.
=260  \\$c10 XI 2019
=336  \\$aTekst $btxt $2rdacontent
=337  \\$aBez urządzenia pośredniczącego $bn $2rdamedia
=338  \\$aWolumin $bnc $2rdacarrier
=380  \\$aArtykuły
=388  1\$a2001-
=600  14$aTokarczuk, Olga $d(1962- )
=648  \7$a2001-
=650  \4$aPisarze polscy
=655  \7$aLiteratura polska
=655  \4$aPowieść
=655  \7$aArtykuł z czasopisma katolickiego
=655  \7$aArtykuł z czasopisma kulturalnego
=655  \7$aArtykuł z czasopisma społeczno-politycznego
=700  1\$aMarkowski, Michał Paweł$d(1962- )$eWywiad
=773  0\$iW: $tTygodnik Powszechny. - $g2019, nr 45, s. 100-104
=916  \\$aTokarczuk, Olga   (1962- )
=918  1\$aMarkowski, Michał Paweł$d(1962- )
=945  0\$b2019
=946  \\$k2019
=955  \7$aLiteratura polska
=955  \4$aPowieść
=955  \7$aArtykuł z czasopisma katolickiego
=955  \7$aArtykuł z czasopisma kulturalnego
=955  \7$aArtykuł z czasopisma społeczno-politycznego
=980  \\$aArtykuły
  
