=LDR  0189300caa220057700 4500
=001  b0000360118106
=005  20230201165724.7
=008  200131p20202020pl                  pol
=009  9912763189605606
=035  \\$aZAM_1285579-48omnis_zam
=035  \\$a285579$9ExL
=035  \\$a(PL)b0000360118106
=040  \\$aZAM W$cZAM W
=045  0\$bd2019
=046  \\$k2019
=100  1\$aKoziołek, Ryszard$d(1966- )
=245  10$aObywatel czytelnik / $cRyszard Koziołek, pisarz i literaturoznawca ; rozmawiał Michał Sowiński.
=260  \\$c24 XI 2019
=336  \\$aTekst $btxt $2rdacontent
=337  \\$aBez urządzenia pośredniczącego $bn $2rdamedia
=338  \\$aWolumin $bnc $2rdacarrier
=380  \\$aLiteratura faktu, eseje, publicystyka
=388  1\$a2001-
=600  14$aTokarczuk, Olga $d(1962- )
=648  \7$a2001-
=650  \4$aLiteraturoznawstwo
=655  \4$aLiteratura
=655  \4$aPowieść
=655  \7$aArtykuł z czasopisma katolickiego
=655  \7$aArtykuł z czasopisma kulturalnego
=655  \7$aArtykuł z czasopisma społeczno-politycznego
=700  1\$aSowiński, Michał$d(1987- )$eWywiad
=773  0\$iW: $tTygodnik Powszechny. - $g2019, nr 47, s. 70-74
=916  \\$aKoziołek, Ryszard   (1966- )
=918  1\$aSowiński, Michał$d(1987- )
=945  0\$b2019
=946  \\$k2019
=953  \\$a285579$9LOCAL$z48OMNIS_ZAM
=955  \4$aLiteratura
=955  \4$aPowieść
=955  \7$aArtykuł z czasopisma katolickiego
=955  \7$aArtykuł z czasopisma kulturalnego
=955  \7$aArtykuł z czasopisma społeczno-politycznego
=963  \\$aZAM_1$9LOCAL$z48OMNIS_ZAM
=980  \\$aLiteratura faktu, eseje, publicystyka
=991  \\$aCzyt. czasop.$9LOCAL$z48OMNIS_ZAM
  
