=LDR  01456naa#a2200505#i#4500
=001  b0000360118454
=005  20220806195257.4
=008  200310p20202020pl                  pol
=009  9912754988705606
=035  \\$aZAM_1286213-48omnis_zam
=035  \\$a286213$9ExL
=040  \\$aZAM W$cZAM W
=045  0\$bd2019
=046  \\$k2019
=100  1\$aStanisławski, Wojciech$d(1968- )
=245  10$aSzamanka / $cWojciech Stanisławski.
=336  \\$aTekst $btxt $2rdacontent
=337  \\$aBez urządzenia pośredniczącego $bn $2rdamedia
=338  \\$aWolumin $bnc $2rdacarrier
=380  \\$aArtykuły
=388  1\$a2001-
=600  14$aTokarczuk, Olga $d(1962- )
=648  \7$a2001- $2DBN
=650  \7$aLiteracka Nagroda Nobla
=650  \4$aPisarze polscy
=650  \7$aTematy i motywy
=650  \4$aHistoria
=651  \4$aPolska
=655  \7$aLiteratura polska
=655  \7$aArtykuł publicystyczny
=773  0\$iW: $tSieci. - $g2019, nr 41, s. 62-63
=904  \\$aKZ_SKR
=916  \\$aStanisławski, Wojciech   (1968- )
=945  0\$b2019
=946  \\$k2019
=951  \4$aPolska
=955  \7$aLiteratura polska
=955  \7$aArtykuł publicystyczny
=980  \\$aArtykuły
  
