=LDR  00774naa#a2200253#i#4500
=001  b0000360130375
=005  20220809190800.4
=008  220728s        pl           |000 0 pol c
=009  9912776793705606
=035  \\$aZAM_1DZS_5810-48omnis_zam
=035  \\$aDZS_5810$9ExL
=040  \\$aZAM W$cZAM W
=041  0\$apol
=245  00$aOlga Tokarczuk spotkanie autorskie : $bZamość, Zamojski Dom Kultury, 23 listopada 2005 roku.
=505  \\$aZawiera: zaproszenie
=600  14$aTokarczuk, Olga
=610  24$aZamojski Dom Kultury
=611  24$aZamość Literacki 2005
=655  \4$aLiteratura polska $xpopularyzacja
=710  2\$aZamojski Dom Kultury
=904  \\$aKZ_SKR
=921  2\$aZamojski Dom Kultury
=955  \4$aLiteratura polska $xpopularyzacja
  
