=LDR  01179naa#a2200337#i#4500
=001  b0000360214389
=005  20220805142013.5
=008  160127p20132013pl pol              poll
=009  9912763572305606
=035  \\$aZAM_1DZS_98175-48omnis_zam
=035  \\$aDZS_98175$9ExL
=040  \\$aZAM W$cZAM W
=041  0\$apol
=100  1\$aRudy, Anna.
=245  00$aDyskusja o Tokarczuk / $coprac. red. Anna Rudy.
=490  \\$aTydzień w Regionie
=500  \\$aFot. kolor.
=600  14$aTokarczuk, Olga
=610  24$aKsiążnica Zamojska im. Stanisława Kostki Zamoyskiego (Zamość) $ximprezy $y2013 r.
=650  \7$aDyskusyjne Kluby Książki
=651  \4$aZamość (woj. lubelskie) $xkultura $ximprezy $y2013 r.
=740  0\$aTygodnik Zamojski
=773  0\$i// $tTygodnik Zamojski. - $g2013, nr 46, s. 10
=830  \0$aTydzień w Regionie
=904  \\$aKZ_SKR
=916  \\$aRudy, Anna.   
=951  \4$aZamość (woj. lubelskie) $xkultura $ximprezy $y2013 r.
  
