=LDR  00793nam a2200205   4500
=001  b00001120002956
=005  20221121133145.3
=008  130814s2013    pl            000 0 pol d
=009  9912868135205606
=035  \\$aLKRz13004868-48omnis_kra
=040  \\$aKRA_4$cKRA_4
=100  1\$aKowalczyk, Natalia
=245  10$aJak zmotywować uczniów do lektury Domu dziennego, domu nocnego Olgi Tokarczuk? / $cNatalia Kowalczyk.
=600  17$aTokarczuk, Olga$d(1962- ).$tDom dzienny, dom nocny$2DBN
=650  \7$aJęzyk polski$xnauczanie $xmetody $xszkoły ponadgimnazjalne.$2DBN
=655  \7$aPowieść polska $xhistoria $y20 w.$2DBN
=773  0\$i// $tPolonistyka. - $g2013, nr  9, s. 35-38
=916  \\$aKowalczyk, Natalia   
=955  \7$aPowieść polska $xhistoria $y20 w.$2DBN
  
