=LDR  00747nam a2200205   4500
=001  b00001120003006
=005  20221121133145.3
=008  130814s2013    pl            000 0 pol d
=009  9912868736605606
=035  \\$aLKRz13004944-48omnis_kra
=040  \\$aKRA_4$cKRA_4
=100  1\$aKula, Edward.
=245  10$aWędrować do upadłego - Olga Tokarczuk, Bieguni / $cEdward Kula.
=600  17$aTokarczuk, Olga$d(1962- ).$tBieguni$2DBN
=650  \7$aJęzyk polski$xnauczanie $xmetody $xszkoły ponadgimnazjalne.$2DBN
=655  \7$aPowieść polska $xhistoria $y21 w.$2DBN
=773  0\$i// $tJęzyk Polski w Liceum. - $g2008/2009, nr  4, s. 91-94
=916  \\$aKula, Edward.   
=955  \7$aPowieść polska $xhistoria $y21 w.$2DBN
  
