=LDR  00629nam a2200193   4500
=001  b00001120003166
=005  20221121133145.3
=008  130814s2013    pl            000 0 pol d
=009  9912867983605606
=035  \\$aLKRz13005157-48omnis_kra
=040  \\$aKRA_4$cKRA_4
=100  1\$aKula, Edward.
=245  10$aPodróże Olgi Tokarczuk / $cEdward Kula.
=600  17$aTokarczuk, Olga$d(1962- )$2DBN
=655  \7$aPowieść polska $xhistoria $y21 w.$2DBN
=773  0\$i// $tJęzyk Polski w Liceum. - $g2012/2013, nr 4, s. 96-104
=916  \\$aKula, Edward.   
=955  \7$aPowieść polska $xhistoria $y21 w.$2DBN
  
