=LDR  00878nam a2200229   4500
=001  b00001120003181
=005  20221121133145.3
=008  130814s2013    pl            000 0 pol d
=009  9912867659605606
=035  \\$aLKRz13005179-48omnis_kra
=040  \\$aKRA_4$cKRA_4
=100  1\$aDończyk-Hnat, Zofia.
=245  10$aO cywilizacji komputera i współczesnym demiurgu / $cZofia Dończyk-Hnat.
=600  17$aTokarczuk, Olga$d(1962- ).$tDeus ex$2DBN
=650  \7$aJęzyk polski$xnauczanie $xmetody $xgimnazja.$2DBN
=655  \7$aOpowiadanie polskie $xhistoria $y20 w.$2DBN
=773  0\$i// $tJęzyk Polski w Gimnazjum. - $g2008/2009, nr  2, s. 70-76
=916  \\$aDończyk-Hnat, Zofia.   
=955  \7$aOpowiadanie polskie $xhistoria $y20 w.$2DBN
  
