=LDR  00742nam a2200205   4500
=001  b00001120003207
=005  20221121133145.3
=008  130814s2013    pl            000 0 pol d
=009  9912867167905606
=035  \\$aLKRz13005213-48omnis_kra
=040  \\$aKRA_4$cKRA_4
=100  1\$aCyran, Maria
=245  10$aBieguni Olgi Tokarczuk - powieść konstelacyjna, alinearna / $cMaria Cyran.
=600  17$aTokarczuk, Olga$d(1962- ).$tBieguni$2DBN
=650  \7$aJęzyk polski$xnauczanie $xmetody $xgimnazja.$2DBN
=655  \7$aPowieść polska $xhistoria $y21 w.$2DBN
=773  0\$i// $tJęzyk Polski w Gimnazjum. - $g2009/2010, nr  1, s. 69-73
=916  \\$aCyran, Maria   
=955  \7$aPowieść polska $xhistoria $y21 w.$2DBN
  
