=LDR  00595nam a2200181   4500
=001  b00001120011353
=005  20221121133145.3
=008  150203s2013    pl            000 0 pol d
=009  9912866389705606
=035  \\$aLKRz15001117-48omnis_kra
=040  \\$aKRA_4$cKRA_4
=100  1\$aGrudzińska, Małgorzata
=245  10$a"Autor na żądanie - magiczna Olga" / $cMałgorzata Grudzińska.
=600  17$aTokarczuk, Olga$d(1962- )$2DBN
=650  \7$aBiblioteki$xpraca.$2DBN
=773  0\$i// $tPoradnik Bibliotekarza. - $g2008, nr 6, s. 25-26
=916  \\$aGrudzińska, Małgorzata   
  
