=LDR  01272naa a2200361   4500
=001  b00001120019135
=005  20221224142252.2
=008  210813s2020    pl            000 0 pol d
=009  9912866690705606
=035  \\$aLKRz21000537-48omnis_kra
=040  \\$aKRA_4$cKRA_4
=100  1\$aDybciak, Krzysztof $eAutor
=245  10$aPrzygody angielskiego uczonego na wojnie polsko-jaruzelskiej : $bo opowiadaniu Olgi Tokarczuk Profesor Andrews w Warszawie / $cKrzysztof Dybciak.
=336  \\$aTekst $btxt $2rdacontent
=337  \\$aBez urządzenia pośredniczącego $bn $2rdamedia
=338  \\$aWolumin $bnc $2rdacarrier
=380  \\$aArtykuły
=388  1\$a2001-
=600  17$aTokarczuk, Olga$d(1962- ).$tProfesor Andrews w Warszawie$2DBN
=648  \7$a1901-2000 $2DBN
=650  \7$aHistoria $2DBN
=651  \7$aPolska$2DBN
=700  1\$aBuchała, Antoni $eRedakcja
=773  0\$iW: $tDzieje najnowsze w literaturze polskiej / redakcja Antoni Buchała. - $dWarszawa 2019, $gstrony 247-259
=916  \\$aDybciak, Krzysztof    
=918  1\$aBuchała, Antoni 
=950  \\$a82(091)
=951  \7$aPolska $2DBN
=980  \\$aArtykuły
  
