=LDR  00989nam a2200289   4500
=001  b00001120022853
=005  20221121133145.3
=008  141128s2014    pl            000 0 pol d
=009  9912868091205606
=035  \\$aLKRb14000917-48omnis_kra
=040  \\$aKRA_4$cKRA_4
=041  0\$apol
=100  1\$aDemczuk, Jadwiga$d(1957- )
=245  10$aPowieść o podróży / $cJadwiga Demczuk.
=520  \\$aZawiera recenzję książki: Bieguni / Olga Tokarczuk. - Kraków, 2008.
=600  17$aTokarczuk, Olga$d(1962- ).$tBieguni$vrecenzja.$2DBN
=651  \7$aKrasnystaw (woj. lubelskie)$xliteratura $y21w.$2DBN
=655  \7$aRecenzja naukowa$2DBN
=693  \\$a13.02
=773  0\$i// $tNestor. $g2009, nr 1, s. 45
=916  \\$aDemczuk, Jadwiga   (1957- )
=950  \\$aREGcz ; rec.
=951  \7$aKrasnystaw (woj. lubelskie)$xliteratura $y21w.$2DBN
=955  \7$aRecenzja naukowa$2DBN
  
