=LDR  02026nam a22005051i 4500
=001  b1000000212094
=005  20221015175050.0
=008  141217s2011    hu           |000 0 hun  
=009  9910184016005606
=015  \\$aPZ 2011
=020  \\$a9789633080238
=035  \\$a991037350619705066
=035  \\$a(PL-WaBN)MILb29785765-48omnis_nlop
=035  \\$aMILb29785765
=040  \\$aWA N$cWA N
=080  \\$a82(0.054)
=245  10$aKritikus pillantás :$bválogatás a Pázmány Péter Katolikus Egyetem Bölcsészettudományi Kar Esztétika Tanszékén működő Kultúra és kritika portál anyagából, 2010-2011 /$cszerk. Kinyik Anita, Miklósvölgyi Zsolt, Paár Tamás.
=246  1\$iTł. tyt.:$aKrytyczne spojrzenie :$bwybór materiałów z portalu "Kultúra és kritika" funkcjonującego przy Katedrze Estetyki Wydziału Humanistycznego Katolickiego Uniwersytetu im. Pétera Pázmánya, 2010-2011
=260  \\$aPiliscsaba :$bPPKE BTK,$c2011.
=300  \\$a159 s. ;$c23 cm.
=380  \\$aKsiążki
=490  1\$aArs Critica - PPKE BTK,$x2062-3089 ;$v2
=504  \\$aBibliogr.
=505  20$tŐskor, őskönyv, őskozmosz : Olga Tokarczuk : Őskor és más idők /$rPálfalvi Lajos.
=510  3\$aOSK online.
=520  8\$aDotyczy m.in. powieści Olgi Tokarczuk "Prawiek i inne czasy".
=600  17$aTokarczuk, Olga$d(1962- )$2DBN
=655  \7$aLiteraturoznawstwo$2DBN
=700  1\$aKinyik, Anyita$eRed.
=700  1\$aMiklósvölgyi, Zsolt$eRed.
=700  1\$aPaár, Tamás$eRed.
=830  \0$aArs Critica - PPKE BTK$x2062-3089 ;$v2
=915  \\$aPZ 2011
=918  1\$aKinyik, Anyita
=918  1\$aMiklósvölgyi, Zsolt
=918  1\$aPaár, Tamás
=920  \\$a978-963-308-023-8
=931  \\$a82(0.054)
=955  \7$aLiteraturoznawstwo$2DBN
=980  \\$aKsiążki
=996  \\$a.MILb29785765$9local$z48OMNIS_NLOP
=999  \\$apz$bms$cjcn$y2011
  
