=LDR  02117naa a2200601 i 4500
=001  b1000000266862
=005  20221015175104.3
=008  180417s2016    xr           |000 0 ger  
=009  9910172850505606
=015  \\$aPZ 2016
=035  \\$a991039534049705066
=035  \\$a(PL-WaBN)MILb31313796-48omnis_nlop
=035  \\$aMILb31313796
=040  \\$aWA N$cWA N$dWA N
=041  0\$ager$beng$bpol
=046  \\$k2016
=080  \\$a821.162.1(091)(0.054)
=100  1\$aBauer, Iris$d(1988- )$eAutor
=245  10$aZur Problematik von nonverbaler Sprache innerhalb von Mehrsprachigkeit :$bOlga Tokarczuks Erzählung "Numery" /$cIris Tabea Bauer.
=246  30$aOlga Tokarczuks Erzählung "Numery"
=260  \\$c2016.
=336  \\$aTekst$btxt$2rdacontent
=337  \\$aBez urządzenia pośredniczącego$bn$2rdamedia
=338  \\$aWolumin$bnc$2rdacarrier
=380  \\$aArtykuły
=388  1\$a2001-
=504  \\$aBibliografia na stronach 318-319.
=546  \\$aStreszczenie w języku angielskim, polskim.
=600  17$aTokarczuk, Olga$d(1962- ).$tNumery$2DBN
=650  \7$aHotele$2DBN
=650  \7$aKomunikacja niewerbalna$2DBN
=650  \7$aKrytyka postkolonialna$2DBN
=650  \7$aLiteratura polska$2DBN
=650  \7$aOpowiadania i nowele$2DBN
=650  \7$aTematy i motywy$2DBN
=655  \7$aArtykuł problemowy$2DBN
=658  \\$aLiteraturoznawstwo
=773  0\$iW:$tVícejazyčnost : český, polský a německý jazyk, literatura a kultura v komparaci : příspěvky z 10. mezinárodní studentské konference interFaces.$gs. 308-320$w(PL)b0000005499608
=915  \\$aPZ 2016
=916  \\$aBauer, Iris   (1988- )
=931  \\$a821.162.1(091)(0.054)
=946  \\$k2016
=955  \7$aArtykuł problemowy$2DBN
=958  \\$aLiteraturoznawstwo
=980  \\$aArtykuły
=996  \\$a.MILb31313796$9local$z48OMNIS_NLOP
=999  \\$azkd$bartzwmd$cjrb
  
