=LDR  01927naa a2200541 a 4500
=001  b1000000272755
=005  20211030064442.7
=008  120521s2018    pl           |000 0 pol  
=009  9910098335905606
=035  \\$a991052495707905066
=040  \\$aWA N$cWA N
=041  0\$apol$beng
=045  0\$bd2006
=046  \\$k2018
=080  \\$a821.162.1(091)(045/046)
=100  1\$aWitczak, Krzysztof$c(filolog)$eAutor
=245  10$aCoincidentia oppositorum :$bpodziemie jako odpowiedź na świat/ło w powieści Olgi Tokarczuk "Anna In w grobowcach świata" /$cKrzysztof Witczak ; Uniwersytet im. Adama Mickiewicza, Poznań.
=260  \\$c2018.
=336  \\$aTekst$btxt$2rdacontent
=337  \\$aBez urządzenia pośredniczącego$bn$2rdamedia
=338  \\$aWolumin$bnc$2rdacarrier
=380  \\$aArtykuły
=388  1\$a2001-
=504  \\$aBibliografia na stronach 88-89.
=546  \\$aStreszczenie w języku angielskim.
=600  17$aTokarczuk, Olga$d(1962- ).$tAnna In w grobowcach świata$2DBN
=648  \7$a2001-$2DBN
=650  \7$aLiteratura polska$2DBN
=650  \7$aPowieść$2DBN
=650  \7$aŚwiaty podziemne$2DBN
=655  \7$aArtykuł problemowy$2DBN
=658  \\$aLiteraturoznawstwo
=773  0\$iW:$tPrzestrzeń w kulturze współczesnej. [T. 3], Podziemia literatura$gs.79-89$w(PL)b0000006125488
=909  0\$iW:$tPrzestrzeń w kulturze współczesnej. [T. 3], Podziemia literatura$gs.79-89$w(PL)b0000061254885
=916  \\$aWitczak, Krzysztof  (filolog) 
=931  \\$a821.162.1(091)(045/046)
=945  0\$b2006
=946  \\$k2018
=955  \7$aArtykuł problemowy$2DBN
=958  \\$aLiteraturoznawstwo
=980  \\$aArtykuły
=999  \\$azkdroz$brs
  
