=LDR  01797naa a2200529 i 4500
=001  b1000000284989
=005  20211030063632.2
=008  190130s2018    pl            000 0 pol  
=009  9910297420705606
=015  \\$aPrasa 2019/01/30
=035  \\$a991052503000805066
=040  \\$aLUBL M$cLUBL M
=045  2\$bd2010$bd2018
=046  \\$k2018
=100  1\$aSobolewska, Justyna$d(1972- )$eAutor
=245  10$aBooker otwiera drzwi /$cJustyna Sobolewska.
=260  \\$c29 V - 5 VI 2018.
=336  \\$aTekst$btxt$2rdacontent
=337  \\$aBez urządzenia pośredniczącego$bn$2rdamedia
=338  \\$aWolumin$bnc$2rdacarrier
=380  \\$aArtykuły
=388  1\$a2001-
=500  \\$aOlga Tokarczuk Laureatką nagrody : International Man Booker Prize.
=600  17$aCroft, Jennifer$2DBN
=648  \7$a2001-$2DBN
=650  \7$aLiteratura polska$2DBN
=650  \7$aNagrody literackie$2DBN
=650  \7$aPisarze polscy$2DBN
=655  \7$aArtykuł publicystyczny$2DBN
=658  \\$aLiteraturoznawstwo
=773  0\$iW:$tPolityka (Warszawa ; 1957).$x0032-3500.$g2018, nr 22, s. 99-100$w(PL)b0000001481990
=909  0\$iW:$tPolityka (Warszawa ; 1957).$x0032-3500.$g2018, nr 22, s. 99-100$w(PL)b0000014819909
=915  \\$aPrasa 2019/01/30
=916  \\$aSobolewska, Justyna   (1972- )
=945  2\$b2010$b2018
=946  \\$k2018
=955  \7$aArtykuł publicystyczny$2DBN
=958  \\$aLiteraturoznawstwo
=980  \\$aArtykuły
=999  \\$aLUBL M$bacz$cjkr
  
