=LDR  01902naa a2200541 i 4500
=001  b1000000288524
=005  20211030064136.9
=008  190206s2016    ja           |000 0 eng  
=009  9910118612305606
=015  \\$aPZ 2016
=035  \\$a991052505590605066
=040  \\$aWA N$cWA N
=045  2\$bd2007$bd2013
=046  \\$k2016
=080  \\$a821.162.1(091)(0.054)
=100  1\$aOgura, Hikaru$eAutor
=245  10$aOn new travel literature and Central Europe as a blank space :$bnotes on Olga Tokarczuk's novel "Bieguni" and her lecture series in Japan /$cHikaru Ogura.
=246  30$aNotes on Olga Tokarczuk's novel "Bieguni" and her lecture series in Japan
=260  \\$c2016.
=336  \\$aTekst$btxt$2rdacontent
=337  \\$aBez urządzenia pośredniczącego$bn$2rdamedia
=338  \\$aWolumin$bnc$2rdacarrier
=380  \\$aArtykuły
=388  1\$a2001-
=600  17$aTokarczuk, Olga$d(1962- ).$tBieguni$2DBN
=648  \7$a2001-$2DBN
=650  \7$aLiteratura polska$2DBN
=651  \7$aEuropa Środkowo-Wschodnia$2DBN
=655  \7$aEsej$2DBN
=658  \\$aLiteraturoznawstwo
=773  0\$iW:$tPerspectives on contemporary East European literature : beyond national and regional frames.$gS. 9-15$w(PL)b0000005356064
=909  0\$iW:$tPerspectives on contemporary East European literature : beyond national and regional frames.$gS. 9-15$w(PL)b0000053560644
=915  \\$aPZ 2016
=916  \\$aOgura, Hikaru   
=931  \\$a821.162.1(091)(0.054)
=945  2\$b2007$b2013
=946  \\$k2016
=951  \7$aEuropa Środkowo-Wschodnia$2DBN
=955  \7$aEsej$2DBN
=958  \\$aLiteraturoznawstwo
=980  \\$aArtykuły
=999  \\$azkdroz$blsz
  
