=LDR  01750naa a2200541 i 4500
=001  b1000000302625
=005  20211030064231.9
=008  190228s2018    pl           |000 0 pol  
=009  9910382178605606
=035  \\$a991052513376305066
=040  \\$aWA N$cWA N
=041  0\$apol$beng
=045  0\$bd2015
=046  \\$k2018
=080  \\$a821.162.1(091)(045/046)
=100  1\$aGralewicz-Wolny, Iwona$eAutor
=245  10$a"Jest u nas ktoś obcy" :$b"Rubież" Olgi Tokarczuk /$cIwona Gralewicz-Wolny ; Uniwersytet Śląski w Katowicach.
=260  \\$c2018.
=336  \\$aTekst$btxt$2rdacontent
=337  \\$aBez urządzenia pośredniczącego$bn$2rdamedia
=338  \\$aWolumin$bnc$2rdacarrier
=380  \\$aArtykuły
=388  1\$a2001-
=504  \\$aBibliografia na stronie 188.
=546  \\$aStreszczenie w języku angielskim.
=600  17$aTokarczuk, Olga$d(1962- ).$tRubież$2DBN
=648  \7$a2001-$2DBN
=650  \7$aGościnność$2DBN
=650  \7$aInność$2DBN
=650  \7$aLiteratura polska$2DBN
=650  \7$aOpowiadania i nowele$2DBN
=655  \7$aArtykuł problemowy$2DBN
=658  \\$aLiteraturoznawstwo
=773  0\$iW:$tDyskursy gościnności : etyka współbycia w perspektywie późnej nowoczesności$gs. 175-189$w(PL)b1000000296307
=916  \\$aGralewicz-Wolny, Iwona   
=931  \\$a821.162.1(091)(045/046)
=945  0\$b2015
=946  \\$k2018
=955  \7$aArtykuł problemowy$2DBN
=958  \\$aLiteraturoznawstwo
=980  \\$aArtykuły
=999  \\$azkdroz$brs
  
