=LDR  01642naa a2200493 i 4500
=001  b1000000323354
=005  20211030063844.8
=008  190404s2018    pl       o   |000 0 pol  
=009  9910706530505606
=015  \\$aBZCz 2019/10772
=035  \\$a(PL)b1000000323354
=040  \\$aWA N$cWA N$dWA N
=045  0\$bd2018
=046  \\$k2018
=080  \\$a821.162.1(091)(045/046)
=100  1\$aKowalczuk, Katarzyna$eRecenzja
=245  10$aCzarująca bizarność /$cKatarzyna Kowalczuk.
=260  \\$c2018.
=336  \\$aTekst$btxt$2rdacontent
=337  \\$aBez urządzenia pośredniczącego$bn$2rdamedia
=338  \\$aWolumin$bnc$2rdacarrier
=380  \\$aArtykuły
=388  1\$a2001-
=520  8\$aZawiera recenzję książki: Opowiadania bizarne / Olga Tokarczuk. - Kraków, 2018.
=600  17$aTokarczuk, Olga$d(1962- ).$tOpowiadania bizarne$2DBN
=648  \7$a2001-$2DBN
=650  \7$aLiteratura polska$2DBN
=655  \7$aArtykuł z czasopisma historycznego$2DBN
=658  \\$aLiteraturoznawstwo
=773  0\$iW:$tŚląsk : miesięcznik społeczno-kulturalny.$x1425-3917.$gR. 24, nr 11 (2018), s. 66$w(PL)b0000001101969
=915  \\$aBZCz 2019/10772
=916  \\$aKowalczuk, Katarzyna   
=931  \\$a821.162.1(091)(045/046)
=945  0\$b2018
=946  \\$k2018
=955  \7$aArtykuł z czasopisma historycznego$2DBN
=958  \\$aLiteraturoznawstwo
=980  \\$aArtykuły
=999  \\$azkdbzcz$bkw$x04$y2019
  
