=LDR  01659naa a2200481 i 4500
=001  b1000000324108
=005  20211030064136.9
=008  190405s2018    pl       o   |000 0 pol  
=009  9910706327105606
=015  \\$aBZCz 2019/7964
=035  \\$a(OCoLC)1151203489
=040  \\$aWA N$cWA N$dWA N
=045  0\$bd2018
=046  \\$k2018
=080  \\$a821.162.1(091)(045/046)
=100  1\$aBauchrowicz-Kłodzińska, Magdalena$d(1984- )$eRecenzja
=245  10$aLiteratura eksperymentu myślowego /$cMagdalena Bauchrowicz-Kłodzińska.
=260  \\$c2018.
=336  \\$aTekst$btxt$2rdacontent
=337  \\$aBez urządzenia pośredniczącego$bn$2rdamedia
=338  \\$aWolumin$bnc$2rdacarrier
=380  \\$aArtykuły
=388  1\$a2001-
=520  8\$aZawiera recenzję książki: Opowiadania bizarne / Olga Tokarczuk. - Kraków, 2018.
=600  17$aTokarczuk, Olga$d(1962- ).$tOpowiadania bizarne$2DBN
=648  \7$a2001-$2DBN
=650  \7$aLiteratura polska$2DBN
=655  \7$aArtykuł z czasopisma literackiego$2DBN
=658  \\$aLiteraturoznawstwo
=773  0\$iW:$tNowe Książki : przegląd nowości wydawniczych.$x0137-8562.$g2018, nr 10, s. 88-89$w(PL)b0000001302612
=915  \\$aBZCz 2019/7964
=916  \\$aBauchrowicz-Kłodzińska, Magdalena   (1984- )
=931  \\$a821.162.1(091)(045/046)
=945  0\$b2018
=946  \\$k2018
=955  \7$aArtykuł z czasopisma literackiego$2DBN
=958  \\$aLiteraturoznawstwo
=980  \\$aArtykuły
=999  \\$azkdbzcz$bbew$x03$y2019
  
