=LDR  01502naa a2200481 i 4500
=001  b1000000326241
=005  20211030063844.8
=008  190409s2019    pl            |0000 pol   
=009  9910712558805606
=015  \\$aPrasa 2019/04/09
=035  \\$a(PL)b1000000326241
=040  \\$aWA N$cWA N$dWA N
=045  2\$bd1989$bd2019
=046  \\$k2019
=100  1\$aSzostak, Natalia$c(dziennikarz)$eAutor
=245  10$aOlga Tokarczuk na szczycie /$cNatalia Szostak.
=260  \\$c9 IV 2019.
=336  \\$aTekst$btxt$2rdacontent
=337  \\$aBez urządzenia pośredniczącego$bn$2rdamedia
=338  \\$aWolumin$bnc$2rdacarrier
=380  \\$aArtykuły
=388  1\$a2001-
=600  17$aTokarczuk, Olga$d(1962- )$2DBN
=648  \7$a1901-2000$2DBN
=648  \7$a1989-2000$2DBN
=650  \7$aLiteratura polska$2DBN
=655  \7$aArtykuł publicystyczny$2DBN
=658  \\$aLiteraturoznawstwo
=773  0\$iW:$tGazeta Wyborcza (Wyd. zasadnicze).$x0860-908X.$g2019, nr 84, s. 16$w(PL)b0000001301576
=915  \\$aPrasa 2019/04/09
=916  \\$aSzostak, Natalia  (dziennikarz). 
=945  2\$b1989$b2019
=946  \\$k2019
=955  \7$aArtykuł publicystyczny$2DBN
=958  \\$aLiteraturoznawstwo
=980  \\$aArtykuły
=999  \\$azkdprasa$bjkr
  
