=LDR  02043naa a2200577 i 4500
=001  b1000000327890
=005  20211030063555.9
=008  190411s2019    pl            |0000 pol   
=009  9910712474605606
=015  \\$aPrasa 2019/04/11
=035  \\$a(PL)b1000000327890
=040  \\$aWA N$cWA N$dWA N
=045  \\$bd2019
=046  \\$k2019
=100  1\$aLloyd-Jones, Antonia$d(1962- )$eWywiad
=245  10$aTajemnica głosu Janiny Duszejko :$brozmowa z Antonią Lloyd-Jones, tłumaczką literatury z języka polskiego na angielski /$cNatalia Szostak.
=246  30$aRozmowa z Antonią Lloyd-Jones, tłumaczką literatury z języka polskiego na angielski
=260  \\$c11 IV 2019.
=336  \\$aTekst$btxt$2rdacontent
=337  \\$aBez urządzenia pośredniczącego$bn$2rdamedia
=338  \\$aWolumin$bnc$2rdacarrier
=380  \\$aArtykuły
=388  1\$a2001-
=520  8\$aAngielskie wydanie książki O. Tokarczuk w finale Nagrody Bookera.
=600  17$aLloyd-Jones, Antonia$d(1962- )$2DBN
=648  \7$a2001-$2DBN
=650  \7$aLiteratura polska$2DBN
=650  \7$aNagroda Bookera$2DBN
=650  \7$aPowieść$2DBN
=650  \7$aPrzekłady angielskie$2DBN
=651  \7$aWielka Brytania$2DBN
=655  \7$aArtykuł z gazety$2DBN
=658  \\$aJęzykoznawstwo
=700  1\$aSzostak, Natalia$c(dziennikarz)$eWywiad
=773  0\$iW:$tGazeta Wyborcza (Wyd. zasadnicze).$x0860-908X.$g2019, nr 86, s. 13$w(PL)b0000001301576
=915  \\$aPrasa 2019/04/11
=916  \\$aLloyd-Jones, Antonia   (1962- )
=918  1\$aSzostak, Natalia$c(dziennikarz)
=945  \\$b2019
=946  \\$k2019
=951  \7$aWielka Brytania$2DBN
=955  \7$aArtykuł z gazety$2DBN
=958  \\$aJęzykoznawstwo
=980  \\$aArtykuły
=999  \\$azkdprasa$bjkr
  
