=LDR  01953naa a2200565 i 4500
=001  b1000000328748
=005  20211030064231.9
=008  190412s2016    pl           |000 0 pol  
=009  9910713525705606
=035  \\$a(PL)b1000000328748
=040  \\$aWA N$cWA N$dWA N
=045  2\$bd2005$bd2006
=046  \\$k2016
=080  \\$81.1\x$a821.162.1(091)(045/046)
=100  1\$aKozera, Dominika$eAutor
=245  10$aMity odkryte na nowo :$bwspółczesny przekład mitów na przykładzie twórczości Olgi Tokarczuk i Margaret Atwood /$cDominika Kozera ; UMCS w Lublinie.
=260  \\$c2016.
=336  \\$aTekst$btxt$2rdacontent
=337  \\$aBez urządzenia pośredniczącego$bn$2rdamedia
=338  \\$aWolumin$bnc$2rdacarrier
=380  \\$aArtykuły
=388  1\$a2001-
=504  \\$aBibliografia na stronie 171.
=600  17$aAtwood, Margaret$d(1939- ).$tPenelopiad$2DBN
=648  \7$a2001-$2DBN
=650  \7$aLiteratura kanadyjsja$2DBN
=650  \7$aLiteratura polska$2DBN
=650  \7$aMitologia$2DBN
=650  \7$aPowieść$2DBN
=655  \7$aArtykuł problemowy$2DBN
=658  \\$aLiteraturoznawstwo
=710  2\$aUniwersytet Marii Curie-Skłodowskiej$eInstytucja sprawcza
=773  0\$iW:$tTrwała obecność mitu w literaturze i kulturze$gs. 161-171$w(PL)b0000005248073
=916  \\$aKozera, Dominika.   
=921  2\$aUniwersytet Marii Curie-Skłodowskiej
=931  \\$a821.162.1(091)(045/046)
=945  2\$b2005$b2006
=946  \\$k2016
=955  \7$aArtykuł problemowy$2DBN
=958  \\$aLiteraturoznawstwo
=980  \\$aArtykuły
=999  \\$azkdroz$brs
  
