=LDR  02451naa a2200685 i 4500
=001  b1000000331253
=005  20211030064308.2
=008  190416s2016    pl           |000 0 pol  
=009  9910714548005606
=035  \\$a(OCoLC)1242149709
=040  \\$aWA N$cWA N$dWA N
=041  0\$apol$beng
=045  2\$bd1876$bd1998
=046  \\$k2016
=080  \\$81.1\x$a821.162.1(091)(045/046)
=080  \\$81.2\x$a82(091)+82.0(045/046)
=100  1\$aCzernikow, Olga$d(1985- )$eAutor
=245  10$aO Wilgefortis i jej literackich wcieleniach :$b(na przykładzie powieści "Dom dzienny, dom nocny" Olgi Tokarczuk i romanetta "Ukřižovaná" Jakuba Arbesa /$cOlga Czernikow ; Uniwersytet Wrocławski. Instytut Filologii Słowiańskiej.
=260  \\$c2016.
=336  \\$aTekst$btxt$2rdacontent
=337  \\$aBez urządzenia pośredniczącego$bn$2rdamedia
=338  \\$aWolumin$bnc$2rdacarrier
=380  \\$aArtykuły
=388  1\$a2001-
=546  \\$aStreszczenie w języku angielskim.
=600  07$aWilgefortis$c(święta)$2DBN
=600  17$aArbes, Jakub$d(1840-1914)$2DBN
=648  \7$a1801-1900$2DBN
=648  \7$a1901-2000$2DBN
=650  \7$aLiteratura czeska$2DBN
=650  \7$aLiteratura polska$2DBN
=650  \7$aOpowiadania i nowele$2DBN
=650  \7$aPowieść$2DBN
=650  \7$aŚwięci i błogosławieni$2DBN
=655  \7$aArtykuł problemowy$2DBN
=658  \\$aLiteraturoznawstwo
=710  2\$aInstytut Filologii Słowiańskiej (Uniwersytet Wrocławski)$eInstytucja sprawcza
=773  0\$iW:$tKultura ziemi kłodzkiej : tradycje i współczesność.$gs. 288-304$w(PL)b0000005570397
=916  \\$aCzernikow, Olga   (1985- )
=921  2\$aInstytut Filologii Słowiańskiej (Uniwersytet Wrocławski)
=931  \\$a821.162.1(091)(045/046)
=931  \\$a82(091)+82.0(045/046)
=945  2\$b1876$b1998
=946  \\$k2016
=955  \7$aArtykuł problemowy$2DBN
=958  \\$aLiteraturoznawstwo
=980  \\$aArtykuły
=999  \\$azkdroz$bmw25
  
