=LDR  01417naa a2200445 i 4500
=001  b1000000340866
=005  20211030063519.2
=008  190507s2019    pl            000 0 pol  
=009  9910718152305606
=015  \\$aPrasa 2019/05/07
=035  \\$a(PL)b1000000340866
=040  \\$aBPTOR$cBPTOR$dWA N
=045  0\$bd2019
=046  \\$k2019
=100  1\$aTokarczuk, Olga$d(1962- )$eWywiad
=245  10$aŻyjemy w szczęśliwych czasach /$cOlga Tokarczuk ; rozmawiał Piotr Bratkowski.
=260  \\$c23 IV - 5 V 2019.
=336  \\$aTekst$btxt$2rdacontent
=337  \\$aBez urządzenia pośredniczącego$bn$2rdamedia
=338  \\$aWolumin$bnc$2rdacarrier
=380  \\$aArtykuły
=388  1\$a2001-
=600  17$aTokarczuk, Olga$d(1962- )$2DBN
=648  \7$a2001-$2DBN
=650  \7$aPisarze polscy$2DBN
=655  \7$aArtykuł z tygodnika opinii$2DBN
=658  \\$aLiteraturoznawstwo
=700  1\$aBratkowski, Piotr$d(1955-2021)$eWywiad
=773  0\$iW:$tNewsweek Polska.$x1642-5685.$g2019, nr 17/18, s. 124-129$w(PL)b0000001458514
=915  \\$aPrasa 2019/05/07
=916  \\$aTokarczuk, Olga   (1962- )
=918  1\$aBratkowski, Piotr$d(1955-2021)
=945  0\$b2019
=946  \\$k2019
=955  \7$aArtykuł z tygodnika opinii$2DBN
=958  \\$aLiteraturoznawstwo
=980  \\$aArtykuły
=999  \\$aBPTOR$baw$cmp
  
