=LDR  01862naa a2200625 i 4500
=001  b1000000344088
=005  20211030063727.3
=008  190513s2019    pl           |000 0 pol  
=009  9910719156705606
=015  \\$aPrasa 2019/05/13
=035  \\$a(PL)b1000000344088
=040  \\$aPOZN W$cPOZN W$dWA N
=045  2\$bd1938$bd2019
=046  \\$k2019
=100  1\$aTokarczuk, Olga$d(1962- )$eWywiad
=245  10$aPolska nie jest pępkiem świata /$cOlga Tokarczuk ; rozmawiał Adam Cissowski.
=260  \\$c6-12 V 2019.
=336  \\$aTekst$btxt$2rdacontent
=337  \\$aBez urządzenia pośredniczącego$bn$2rdamedia
=338  \\$aWolumin$bnc$2rdacarrier
=380  \\$aArtykuły
=388  1\$a2001-
=600  17$aTokarczuk, Olga$d(1962- )$2DBN
=648  \7$a1901-2000$2DBN
=648  \7$a1918-1939$2DBN
=648  \7$a1945-1989$2DBN
=648  \7$a1989-2000$2DBN
=650  \7$aNagrody$2DBN
=651  \7$aEuropa$2DBN
=651  \7$aPolska$2DBN
=655  \7$aArtykuł publicystyczny$2DBN
=655  \7$aArtykuł z tygodnika opinii$2DBN
=658  \\$aKultura i sztuka
=700  1\$aCissowski, Adam$eWywiad
=773  0\$iW:$tWprost (Poznań).$x0209-1747.$g2019, nr 19, s. 72-75$w(PL)b0000001538668
=915  \\$aPrasa 2019/05/13
=916  \\$aTokarczuk, Olga   (1962- )
=918  1\$aCissowski, Adam
=945  2\$b1938$b2019
=946  \\$k2019
=951  \7$aEuropa$2DBN
=951  \7$aPolska$2DBN
=955  \7$aArtykuł publicystyczny$2DBN
=955  \7$aArtykuł z tygodnika opinii$2DBN
=958  \\$aKultura i sztuka
=980  \\$aArtykuły
=999  \\$aPOZN W$bmd$cmp
  
