=LDR  02293naa a2200661 i 4500
=001  b1000000351122
=005  20220928133421.2
=008  190524s2017    pl            |0000 pol   
=009  9910802295505606
=015  \\$aBZCz 2019/14050
=035  \\$a(PL)b1000000351122
=040  \\$aWA N$cWA N$dWA N
=041  0\$apol$beng
=045  2\$bd1995$bd2010
=046  \\$k2017
=080  \\$a821.162.1(091)(045/046)
=100  1\$aŁebkowska, Anna$eAutor
=245  10$aCo nowego w "teatrze mowy"? /$cAnna Łebkowska ; Uniwersytet Jagielloński.
=260  \\$c2017.
=336  \\$aTekst$btxt$2rdacontent
=337  \\$aBez urządzenia pośredniczącego$bn$2rdamedia
=338  \\$aWolumin$bnc$2rdacarrier
=380  \\$aArtykuły
=388  1\$a2001-
=504  \\$aBibliografia na stronie 122.
=546  \\$aStreszczenie w języku angielskim.
=600  17$aDukaj, Jacek$d(1974- )$2DBN
=600  17$aKruszyński, Zbigniew$d(1957- )$2DBN
=648  \7$a1901-2000$2DBN
=648  \7$a1989-2000$2DBN
=650  \7$aFantastyka$2DBN
=650  \7$aLiteratura polska$2DBN
=650  \7$aNarracja$2DBN
=650  \7$aPowieść$2DBN
=655  \7$aArtykuł problemowy$2DBN
=655  \7$aArtykuł z czasopisma literackiego$2DBN
=658  \\$aLiteraturoznawstwo
=710  2\$aUniwersytet Jagielloński$4oth
=773  0\$iW:$tWielogłos : pismo Wydziału Polonistyki UJ.$x1897-1962.$g2017, nr 4, s. 109-122$w(PL)b0000001895488
=915  \\$aBZCz 2019/14050
=916  \\$aŁebkowska, Anna   
=921  2\$aUniwersytet Jagielloński
=931  \\$a821.162.1(091)(045/046)
=945  2\$b1995$b2010
=946  \\$k2017
=950  \\$uhttps://eu05.alma.exlibrisgroup.com/view/uresolver/48OMNIS_NETWORK/openurl?u.ignore_date_coverage=true&portfolio_pid=53672386670005066&Force_direct=true$zZobacz w Polonie$853672386670005066
=955  \7$aArtykuł problemowy$2DBN
=955  \7$aArtykuł z czasopisma literackiego$2DBN
=958  \\$aLiteraturoznawstwo
=980  \\$aArtykuły
=999  \\$azkdbzcz$bab$x05$y2019
  
