=LDR  01759naa a2200529 i 4500
=001  b1000000352434
=005  20211030064117.6
=008  190528s2018    pl           |000 0 pol  
=009  9910802953405606
=035  \\$a(OCoLC)1242164635
=040  \\$aWA N$cWA N$dWA N
=045  0\$bd2014
=046  \\$k2018
=080  \\$a821.162.1(091)(045/046)
=100  1\$aLarenta, Anna$eAutor
=245  10$aPrzestrzenie "Ksiąg Jakubowych" Olgi Tokarczuk /$cAnna Larenta ; Uniwersytet w Białymstoku.
=260  \\$c2018.
=336  \\$aTekst$btxt$2rdacontent
=337  \\$aBez urządzenia pośredniczącego$bn$2rdamedia
=338  \\$aWolumin$bnc$2rdacarrier
=380  \\$aArtykuły
=388  1\$a2001-
=600  17$aTokarczuk, Olga$d(1962- ).$tKsięgi Jakubowe albo Wielka podróż przez siedem granic, pięć języków i trzy duże religie, nie licząc tych małych$2DBN
=648  \7$a2001-$2DBN
=650  \7$aGeopoetyka$2DBN
=650  \7$aLiteratura polska$2DBN
=650  \7$aPowieść$2DBN
=650  \7$aPrzestrzeń$2DBN
=655  \7$aArtykuł problemowy$2DBN
=658  \\$aLiteraturoznawstwo
=710  2\$aUniwersytet w Białymstoku$4oth
=773  0\$iW:$tWyobraźnia przestrzenna w perspektywie geopoetyki$gs. 105-129$w(PL)b1000000344888
=916  \\$aLarenta, Anna   
=921  2\$aUniwersytet w Białymstoku
=931  \\$a821.162.1(091)(045/046)
=945  0\$b2014
=946  \\$k2018
=955  \7$aArtykuł problemowy$2DBN
=958  \\$aLiteraturoznawstwo
=980  \\$aArtykuły
=999  \\$azkdroz$brs
  
