=LDR  04761nam a2201081 i 4500
=001  b1000000353128
=005  20221208143429.1
=008  190528s2019    pl           |001 0 pol  
=009  9910803209405606
=015  \\$aUWD 2019/17491
=020  \\$a9788324235247$czł 42
=035  \\$axx004611343
=040  \\$aWA N$cWA N$dWA N$dKIEL W
=041  0\$apol$beng
=045  2\$bd1993$bd2015
=046  \\$k2019
=080  \\$81.1\x$a821.162.1(091)-3"19"
=084  \\$a01
=100  1\$aKantner, Katarzyna$d(1984- )$eAutor
=245  10$aJak działać za pomocą słów? :$bproza Olgi Tokarczuk jako dyskurs krytyczny /$cKatarzyna Kantner.
=246  30$aProza Olgi Tokarczuk jako dyskurs krytyczny
=260  \\$aKraków :$b[Towarzystwo Autorów i Wydawców Prac Naukowych "Universitas"],$c[copyright 2019].
=300  \\$a329, [6] stron ;$c24 cm.
=336  \\$aTekst$btxt$2rdacontent
=337  \\$aBez urządzenia pośredniczącego$bn$2rdamedia
=338  \\$aWolumin$bnc$2rdacarrier
=380  \\$aKsiążki
=490  1\$aModernizm w Polsce : studia nad nowoczesną polską literaturą, sztuką, kulturą i myślą humanistyczną ;$v61
=500  \\$aNa grzbiecie akronim serii: MwP.
=504  \\$aBibliografia, netografia na stronach 309-315. Indeks.
=536  \\$aPublikacja dofinansowana przez Wydział Polonistyki Uniwersytetu Jagiellońskiego
=546  \\$aStreszczenie w języku angielskim.
=600  17$aTokarczuk, Olga$d(1962- )$2DBN
=648  \7$a1901-2000$2DBN
=648  \7$a1989-2000$2DBN
=650  \7$aLiteratura polska$2DBN
=650  \7$aLudzie a zwierzęta$2DBN
=650  \7$aPostsekularyzm$2DBN
=650  \7$aProza$2DBN
=650  \7$aStosunki etniczne$2DBN
=650  \7$aTematy i motywy$2DBN
=655  \7$aMonografia$2DBN
=658  \\$aLiteraturoznawstwo
=710  2\$aTowarzystwo Autorów i Wydawców Prac Naukowych "Universitas"$eWydawca$4pbl
=830  \0$aModernizm w Polsce$vt. 61
=852  \\$822588455530005066$j1$h3.519.721$bBN_PL$p30001028007812$cbk8
=852  \\$822588455570005066$j1$h3.078.301 A$bBN_PL$p30001028007805$cbk1
=852  \\$822177959670006831$j1$h14723 B$bGG06$p1001179896$cFiPol_LitP
=852  \\$822177959690006831$j1$h705940 II$bBuKul$p1001208194$cBG_Magazyn
=852  \\$822538393210005067$j1$hA 933475 II$bBJ$p1002663415$cBJ_EGZ_A
=852  \\$822538393230005067$j1$hB 781725 II$bBJ$p1002663413$cBJ_MAG
=852  \\$822538393170005067$j1$h99533$bBWP$p1807063202$cBWP_K
=852  \\$822538393190005067$j1$hWypoż. 15013$bBWP$p1807064516$cBWP_WYPS
=852  \\$822538393170005067$j1$h99533$bBWP$p1807063201$cBWP_K
=852  \\$822349752280006926$j1$hEls.o|Tokarczuk O./Kantner, Katarzyna/Jak/2019$bTORU$p300051223136$cLiterat_bg
=852  \\$82240274010005069$j1$h532059 II$bLUBL_M$p1001013489$c10000
=852  \\$82239015920005069$j1$h86967 W$bLUBL_M$p1001010638$c30000
=852  \\$82285414550005068$j1$h821.162.1(091) Tokarczuk O. Kan Jak 147032/N$bWBP-KIELCE$p443369$cWYP-WD
=910  \\$a705940 II$b19/4136/eo$9LOCAL$z48OMNIS_KUL
=915  \\$aUWD 2019/17491
=916  \\$aKantner, Katarzyna   (1984- )
=920  \\$a978-83-242-3524-7 :$czł 42
=920  \\$a978-83-242-2956-7 (e-ISBN)
=920  \\$a97883-242-3524-7$9LOCAL$z48OMNIS_UJA
=921  2\$aTowarzystwo Autorów i Wydawców Prac Naukowych "Universitas"
=923  \\$aTowarzystwo Autorów i Wydawców Prac Naukowych "Universitas"
=931  \\$a821.162.1(091)-3"19"
=935  \\$avtls000812868$9LOCAL$z48OMNIS_KUL
=935  \\$a(KR_U)vtls001736881$9LOCAL$z48OMNIS_UJA
=935  \\$aUM2742172$9LOCAL$z48OMNIS_UMKWT
=945  2\$b1993$b2015
=946  \\$k2019
=955  \7$aMonografia$2DBN
=958  \\$aLiteraturoznawstwo
=961  \\$aCALL NO: 1$h-- ACC NO: 2019 e$9local$z48OMNIS_NLOP
=980  \\$aKsiążki
=999  \\$azkdeo$bals$x22$y19
=999  \\$aVIRTUA40         m$9LOCAL$z48OMNIS_UJA
=999  \\$aVIRTUA40         m$9LOCAL$z48OMNIS_MPL
  
