=LDR  01859naa a2200589 a 4500
=001  b1000000365324
=005  20211030064519.4
=008  190621s2019    pl           |000 0 pol  
=009  9910807720105606
=015  \\$aPrasa 2019/06/21
=035  \\$a(PL)b1000000365324
=040  \\$aPOZN W$cPOZN W$dWA N
=045  2\$bd1970$bd2019
=046  \\$k2019
=100  1\$aBugajski, Leszek$d(1949- )$eAutor
=245  10$aCo jest, a co będzie /$cLeszek Bugajski.
=260  \\$c3-9 VI 2019.
=336  \\$aTekst$btxt$2rdacontent
=337  \\$aBez urządzenia pośredniczącego$bn$2rdamedia
=338  \\$aWolumin$bnc$2rdacarrier
=380  \\$aArtykuły
=388  1\$a2001-
=600  17$aMasłowska, Dorota$d(1983- )$2DBN
=600  17$aMyśliwski, Wiesław$d(1932- )$2DBN
=648  \7$a1901-2000$2DBN
=648  \7$a1945-1989$2DBN
=648  \7$a1989-2000$2DBN
=650  \7$aKrytyka literacka$2DBN
=650  \7$aLiteratura polska$2DBN
=650  \7$aLiteratura popularna$2DBN
=651  \7$aPolska$2DBN
=655  \7$aArtykuł publicystyczny$2DBN
=658  \\$aLiteraturoznawstwo
=773  0\$iW:$tWprost (Poznań).$x0209-1747.$g2019, nr 23, s. 76-79$w(PL)b0000001538668
=915  \\$aPrasa 2019/06/21
=916  \\$aBugajski, Leszek   (1949- )
=945  2\$b1970$b2019
=946  \\$k2019
=951  \7$aPolska$2DBN
=955  \7$aArtykuł publicystyczny$2DBN
=958  \\$aLiteraturoznawstwo
=980  \\$aArtykuły
=999  \\$aPOZN W$bmd$cjkr
  
