=LDR  02209naa a2200649 i 4500
=001  b1000000373029
=005  20211030063650.4
=008  190706s2019    pl           |000 0 pol  
=009  9910809578505606
=035  \\$a(OCoLC)1242368006
=040  \\$aWA N$cWA N$dWA N
=041  0\$apol$beng
=045  0\$bd2014
=046  \\$k2019
=080  \\$81.1\x$a80/81(045/046)
=100  1\$aPrzyklenk, Joanna$eAutor
=245  10$aOd pokrewieństwa do podobieństwa :$brodzina w Księgach Jakubowych Olgi Tokarczuk /$cJoanna Przyklenk, Katarzyna Sujkowska-Sobisz ; Uniwersytet Śląski w Katowicach.
=260  \\$c2019.
=336  \\$aTekst$btxt$2rdacontent
=337  \\$aBez urządzenia pośredniczącego$bn$2rdamedia
=338  \\$aWolumin$bnc$2rdacarrier
=380  \\$aArtykuły
=388  1\$a2001-
=504  \\$aBibliografia na stronach 317-318.
=546  \\$aStreszczenie w języku angielskim.
=600  17$aTokarczuk, Olga$d(1962- ).$tKsięgi Jakubowe albo Wielka podróż przez siedem granic, pięć języków i trzy duże religie, nie licząc tych małych$2DBN
=648  \7$a2001-$2DBN
=650  \7$aJęzyk polski$2DBN
=650  \7$aLiteratura polska$2DBN
=650  \7$aPowieść$2DBN
=650  \7$aRodzina$2DBN
=650  \7$aSłownictwo$2DBN
=655  \7$aArtykuł problemowy$2DBN
=658  \\$aJęzykoznawstwo
=700  1\$aSujkowska-Sobisz, Katarzyna$eAutor
=710  2\$aUniwersytet Śląski$4oth
=773  0\$iW:$tWspółczesny i dawny obraz rodziny w języku$gs. 309-318$w(PL)b1000000349982
=916  \\$aPrzyklenk, Joanna   
=918  1\$aSujkowska-Sobisz, Katarzyna
=921  2\$aUniwersytet Śląski
=931  \\$a80/81(045/046)
=945  0\$b2014
=946  \\$k2019
=955  \7$aArtykuł problemowy$2DBN
=958  \\$aJęzykoznawstwo
=980  \\$aArtykuły
=999  \\$azkdroz$bkwp
  
