=LDR  01923naa a2200541 i 4500
=001  b1000000385966
=005  20211030064059.5
=008  190730s2019    pl            |0000 pol   
=009  9910817473405606
=015  \\$aPrasa 2019/07/30
=035  \\$a(PL)b1000000385966
=040  \\$aWA N$cWA N$dWA N
=045  2\$bd2009$bd2019
=046  \\$k2019
=100  1\$aSzostak, Natalia$c(dziennikarz)$eAutor
=245  10$aJaka ksiażka, taki kraj :$bco powinni czytać premierzy : jaka powieść najlepiej opisuje nasz kraj? : propozycji było wiele, ale zwyciężczyni jest tylko jedna /$cNatalia Szostak.
=260  \\$c30 VII 2019.
=336  \\$aTekst$btxt$2rdacontent
=337  \\$aBez urządzenia pośredniczącego$bn$2rdamedia
=338  \\$aWolumin$bnc$2rdacarrier
=380  \\$aArtykuły
=388  1\$a2001-
=520  8\$aCzytelniczne propozycje powieści najlepiej opisującej Polskę.
=600  17$aTokarczuk, Olga$d(1962- ).$tProwadź swój pług przez kości umarłych$2DBN
=648  \7$a2001-$2DBN
=650  \7$aLiteratura polska$2DBN
=650  \7$aOpinia publiczna$2DBN
=650  \7$aPowieść$2DBN
=651  \7$aPolska$2DBN
=655  \7$aArtykuł publicystyczny$2DBN
=658  \\$aLiteraturoznawstwo
=773  0\$iW:$tGazeta Wyborcza (Wyd. zasadnicze).$x0860-908X.$g2019, nr 176, s. 15$w(PL)b0000001301576
=915  \\$aPrasa 2019/07/30
=916  \\$aSzostak, Natalia  (dziennikarz) 
=945  2\$b2009$b2019
=946  \\$k2019
=951  \7$aPolska$2DBN
=955  \7$aArtykuł publicystyczny$2DBN
=958  \\$aLiteraturoznawstwo
=980  \\$aArtykuły
=999  \\$azkdprasa$bjkr
  
