=LDR  02275naa a2200685 i 4500
=001  b1000000398002
=005  20211030064404.3
=008  190822s2018    pl           |000 0 pol  
=009  9911239448905606
=015  \\$aBZCz 2019/23748
=035  \\$a(PL)b1000000398002
=040  \\$aWA N$cWA N$dWA N
=041  0\$apol$beng
=045  2\$bd1995$bd2018
=046  \\$k2018
=080  \\$81.1\x$a821.162.1(091)(045/046)
=100  1\$aLuković, Dagmara$eAutor
=245  10$aTwórczość Olgi Tokarczuk na serbskim i chorwackim rynku książki /$cDagmara Luković.
=260  \\$c2018.
=336  \\$aTekst$btxt$2rdacontent
=337  \\$aBez urządzenia pośredniczącego$bn$2rdamedia
=338  \\$aWolumin$bnc$2rdacarrier
=380  \\$aArtykuły
=388  1\$a2001-
=504  \\$aNetografia na stronach 127-128.
=546  \\$aStreszczenie w języku angielskim.
=600  17$aTokarczuk, Olga$d(1962- )$2DBN
=648  \7$a1901-2000$2DBN
=648  \7$a1989-2000$2DBN
=650  \7$aEdytorstwo$2DBN
=650  \7$aLiteratura polska$2DBN
=650  \7$aPrzekłady$2DBN
=651  \7$aChorwacja$2DBN
=655  \7$aArtykuł problemowy$2DBN
=655  \7$aArtykuł z czasopisma bibliotekarskiego$2DBN
=658  \\$aBibliotekarstwo, archiwistyka, muzealnictwo
=773  0\$iW:$tAnnales Universitatis Paedagogicae Cracoviensis. Studia ad Bibliothecarum Scientiam Pertinentia.$x2081-1861.$g[T.] 16 (2018), s. 114-128$w(PL)b0000002461510
=915  \\$aBZCz 2019/23748
=916  \\$aLuković, Dagmara   
=931  \\$a821.162.1(091)(045/046)
=945  2\$b1995$b2018
=946  \\$k2018
=951  \7$aChorwacja$2DBN
=955  \7$aArtykuł problemowy$2DBN
=955  \7$aArtykuł z czasopisma bibliotekarskiego$2DBN
=958  \\$aBibliotekarstwo, archiwistyka, muzealnictwo
=980  \\$aArtykuły
=999  \\$aBNzkdbzcz$bmp$x08$y2019
  
