=LDR  01825naa a2200553 i 4500
=001  b1000000422780
=005  20220326163028.0
=008  191007s2019    pl           |000 0 pol  
=009  9911264162005606
=035  \\$a(PL)b1000000422780
=040  \\$aWA N$cWA N$dWA N
=041  0\$apol$beng
=045  2\$bd1993$bd2014
=046  \\$k2019
=080  \\$a821.162.1(091)(045/046)
=100  1\$aŻynis, Bernadetta.$eAutor
=245  10$aNowe religie? :$bkilka przykładów religijnej ekspresji bohaterek Olgi Tokarczuk /$cBernadetta Żynis ; Akademia Pomorska w Słupsku.
=260  \\$c2019.
=336  \\$aTekst$btxt$2rdacontent
=337  \\$aBez urządzenia pośredniczącego$bn$2rdamedia
=338  \\$aWolumin$bnc$2rdacarrier
=380  \\$aArtykuły
=388  1\$a2001-
=546  \\$aStreszczenie w języku angieolskim.
=600  17$aTokarczuk, Olga$d(1962- )$2DBN
=648  \7$a1901-2000$2DBN
=648  \7$a1989-2000$2DBN
=650  \7$aKobieta$2DBN
=650  \7$aLiteratura polska$2DBN
=650  \7$aSacrum$2DBN
=655  \7$aArtykuł problemowy$2DBN
=658  \\$aLiteraturoznawstwo
=710  2\$aAkademia Pomorska (Słupsk)$4oth
=773  0\$iW:$tSacrum w doświadczeniu kobiet : kulturowe perspektywy - polska i światowa : zbiorowa praca monograficzna$gs. 227-248$wPL)b1000000369650
=916  \\$aŻynis, Bernadetta.   
=921  2\$aAkademia Pomorska (Słupsk)
=931  \\$a821.162.1(091)(045/046)
=945  2\$b1993$b2014
=946  \\$k2019
=955  \7$aArtykuł problemowy$2DBN
=958  \\$aLiteraturoznawstwo
=980  \\$aArtykuły
=999  \\$aBNzkdroz$brs
  
