=LDR  01668naa a2200529 i 4500
=001  b1000000426284
=005  20211030064308.2
=008  191011s2019    pl           |000 0 pol  
=009  9911263577205606
=015  \\$aPrasa 2019/10/11
=035  \\$a(PL)b1000000426284
=040  \\$aWA N$cWA N$dWA N
=045  0\$bd2019
=046  \\$k2019
=245  00$aWielki triumf Olgi Tokarczuk /$cMichał Nogaś, Natalia Szostak.
=260  \\$c11 X 2019.
=336  \\$aTekst$btxt$2rdacontent
=337  \\$aBez urządzenia pośredniczącego$bn$2rdamedia
=338  \\$aWolumin$bnc$2rdacarrier
=380  \\$aArtykuły
=388  1\$a2001-
=600  17$aTokarczuk, Olga$d(1962- )$2DBN
=648  \7$a2001-$2DBN
=650  \7$aLaureaci$2DBN
=650  \7$aLiteracka Nagroda Nobla$2DBN
=650  \7$aLiteratura polska$2DBN
=651  \7$aPolska$2DBN
=655  \7$aArtykuł publicystyczny$2DBN
=658  \\$aLiteraturoznawstwo
=700  1\$aNogaś, Michał$d(1978- )$eAutor
=773  0\$iW:$tGazeta Wyborcza (Wyd. zasadnicze).$x0860-908X.$g2019, nr 238, s. 4-5$w(PL)b0000001301576
=915  \\$aPrasa 2019/10/11
=918  1\$aNogaś, Michał$d(1978- )
=945  0\$b2019
=946  \\$k2019
=951  \7$aPolska$2DBN
=955  \7$aArtykuł publicystyczny$2DBN
=958  \\$aLiteraturoznawstwo
=980  \\$aArtykuły
=999  \\$aBNzkdprasa$brew
  
