=LDR  01650naa a2200541 i 4500
=001  b1000000426366
=005  20211030064117.6
=008  191011s2019    pl            |0000 pol   
=009  9911263698705606
=015  \\$aPrasa 2019/10/11
=035  \\$a(PL)b1000000426366
=040  \\$aGD W$cGD W$dWA N
=045  0\$bd2019
=046  \\$k2019
=245  10$aNobel dla Olgi Tokarczuk /$cJacek Marczyński, Marcin Kube.
=246  33$aZ pługiem na Parnas
=260  \\$c11 X 2019.
=336  \\$aTekst$btxt$2rdacontent
=337  \\$aBez urządzenia pośredniczącego$bn$2rdamedia
=338  \\$aWolumin$bnc$2rdacarrier
=380  \\$aArtykuły
=388  1\$a2001-
=600  17$aTokarczuk, Olga$d(1962- )$2DBN
=648  \7$a2001-$2DBN
=650  \7$aLaureaci$2DBN
=650  \7$aLiteracka Nagroda Nobla$2DBN
=650  \7$aLiteratura polska$2DBN
=651  \7$aPolska$2DBN
=655  \7$aArtykuł publicystyczny$2DBN
=658  \\$aLiteraturoznawstwo
=700  1\$aKube, Marcin$eAutor
=773  0\$iW:$tRzeczpospolita (Wyd. zasadnicze).$x0208-9130.$g2019, nr 238, s. A1, A6$w(PL)b0000001472831
=915  \\$aPrasa 2019/10/11
=918  1\$aKube, Marcin
=945  0\$b2019
=946  \\$k2019
=951  \7$aPolska$2DBN
=955  \7$aArtykuł publicystyczny$2DBN
=958  \\$aLiteraturoznawstwo
=980  \\$aArtykuły
=999  \\$abzczp$bGD W ij
  
