=LDR  01799naa a2200517 i 4500
=001  b1000000426495
=005  20211030063708.5
=008  191011s201     pl            000 0 pol c
=009  9911263572305606
=015  \\$aBRWŚ 2019
=035  \\$a(PL)b1000000426495
=040  \\$aKIEL W$cKIEL W$dKIEL W
=045  0\$bd2019
=046  \\$k2019
=100  1\$aRogacin, Wojciech$eAutor
=245  10$aOlga Tokarczuk dostała Literacką Nagrodę Nobla! To druga Polka uhonorowana tym wyróżnieniem /$cWojciech Rogacin.
=260  \\$c11 X 2019.
=336  \\$aTekst$btxt$2rdacontent
=337  \\$aBez urządzenia pośredniczącego$bn$2rdamedia
=338  \\$aWolumin$bnc$2rdacarrier
=380  \\$aArtykuły
=388  1\$a2001-
=600  17$aTokarczuk, Olga$d(1962- )$2DBN
=648  \7$a2001-$2DBN
=650  \7$aLiteracka Nagroda Nobla$2DBN
=651  \7$aZagrody (woj. świętokrzyskie, pow. staszowski, gm. Staszów)$2DBN
=655  \7$aArtykuł publicystyczny$2DBN
=655  \7$aArtykuł z czasopisma regionalnego i lokalnego$2DBN
=658  \\$aLiteraturoznawstwo
=693  \\$a13.01.04$eTokarczuk, Olga (1962- )
=773  0\$iW:$tEch Dnia. Relaks (Świętokrz.).$x0137-902X.$g2019, nr 237, s. 18
=915  \\$aBRWŚ 2019
=916  \\$aRogacin, Wojciech   
=945  0\$b2019
=946  \\$k2019
=951  \7$aZagrody (woj. świętokrzyskie, pow. staszowski, gm. Staszów)$2DBN
=955  \7$aArtykuł publicystyczny$2DBN
=955  \7$aArtykuł z czasopisma regionalnego i lokalnego$2DBN
=958  \\$aLiteraturoznawstwo
=980  \\$aArtykuły
=999  \\$aWBPK$bkc
  
