=LDR  02157naa a2200649 i 4500
=001  b1000000427158
=005  20211030064424.5
=008  191012s2019    pl            |0000 pol   
=009  9911264762605606
=015  \\$aPrasa 2019/10/12
=035  \\$a(PL)b1000000427158
=040  \\$aWA N$cWA N$dWA N
=045  2\$bd1980$bd2910
=046  \\$k2019$o1999$p2010
=100  1\$aTokarczuk, Olga$d(1962- )$eWywiad
=245  10$aRobię porządki /$cz Olgą Tokarczuk rozmawiali Michał Cichy i Włodzimierz Nowak.
=260  \\$c12 X 2019.
=336  \\$aTekst$btxt$2rdacontent
=337  \\$aBez urządzenia pośredniczącego$bn$2rdamedia
=338  \\$aWolumin$bnc$2rdacarrier
=380  \\$aArtykuły
=388  1\$a1901-2000
=388  1\$a1989-2000
=388  1\$a2001-
=500  \\$aRozmowy z "Gazety Świątecznej", wydanej po Nike dla Tokarczuk w 1999 r. i "Wysokich Obcasów  Extra" z września 2010 r.
=600  17$aTokarczuk, Olga$d(1962- )$2DBN
=648  \7$a1901-2000$2DBN
=648  \7$a1945-1989$2DBN
=648  \7$a1989-2000$2DBN
=650  \7$aLiteratura polska$2DBN
=650  \7$aPisarze polscy$2DBN
=651  \7$aPolska$2DBN
=655  \7$aArtykuł z gazety$2DBN
=658  \\$aLiteraturoznawstwo
=700  1\$aCichy, Michał$d(1967- )$eWywiad
=773  0\$iW:$tGazeta Wyborcza (Wyd. zasadnicze).$x0860-908X.$g2019, nr 239, dod. spec. Nasza Tokarczuk, s. 4-6$w(PL)b0000001301576
=915  \\$aPrasa 2019/10/12
=916  \\$aTokarczuk, Olga   (1962- )
=918  1\$aCichy, Michał$d(1967- )
=945  2\$b1980$b2910
=946  \\$k2019$o1999$p2010
=951  \7$aPolska$2DBN
=955  \7$aArtykuł z gazety$2DBN
=958  \\$aLiteraturoznawstwo
=980  \\$aArtykuły
=999  \\$aBNzkdprasa$bjkr
  
