=LDR  01864naa a2200553 i 4500
=001  b1000000427159
=005  20211030064500.8
=008  191012s2019    pl            |0000 pol   
=009  9911264762405606
=015  \\$aPrasa 2019/10/12
=035  \\$a(PL)b1000000427159
=040  \\$aWA N$cWA N$dWA N
=045  2\$bd2015$bd2019
=046  \\$k2019
=100  1\$aTokarczuk, Olga$d(1962- )$eWywiad
=245  10$aNie chcę być wyrocznią /$cz Olgą Tokarczuk w Monachium rozmawia Michał Nogaś.
=260  \\$c12 X 2019.
=336  \\$aTekst$btxt$2rdacontent
=337  \\$aBez urządzenia pośredniczącego$bn$2rdamedia
=338  \\$aWolumin$bnc$2rdacarrier
=380  \\$aArtykuły
=388  1\$a2001-
=600  17$aTokarczuk, Olga$d(1962- )$2DBN
=648  \7$a2001-$2DBN
=650  \7$aGłosowanie$2DBN
=650  \7$aLaureaci$2DBN
=650  \7$aLiteracka Nagroda Nobla$2DBN
=650  \7$aPisarze polscy$2DBN
=650  \7$aPolityka$2DBN
=655  \7$aArtykuł z gazety$2DBN
=658  \\$aLiteraturoznawstwo
=700  1\$aNogaś, Michał$d(1978- )$eWywiad
=773  0\$iW:$tGazeta Wyborcza (Wyd. zasadnicze).$x0860-908X.$g2019, nr 239, dod. spec. Nasza Tokarczuk, s. 7$w(PL)b0000001301576
=915  \\$aPrasa 2019/10/12
=916  \\$aTokarczuk, Olga   (1962- )
=918  1\$aNogaś, Michał$d(1978- )
=945  2\$b2015$b2019
=946  \\$k2019
=955  \7$aArtykuł z gazety$2DBN
=958  \\$aLiteraturoznawstwo
=980  \\$aArtykuły
=999  \\$aBNzkdprasa$bjkr
  
