=LDR  01862naa a2200577 i 4500
=001  b1000000428452
=005  20211030063519.2
=008  191015s2019    pl            000 0 pol  
=009  9911265258305606
=015  \\$aPrasa 2019/10/15
=035  \\$a(PL)b1000000428452
=040  \\$aTOR M$cTOR M$dWA N
=045  0\$bd2018$bd2019
=046  \\$k2019
=100  1\$aKofta, Piotr$d(1973- )$eAutor
=245  10$aJest Nobel, a nawet dwa /$cPiotr Kofta.
=260  \\$c11-13 X 2019.
=336  \\$aTekst$btxt$2rdacontent
=337  \\$aBez urządzenia pośredniczącego$bn$2rdamedia
=338  \\$aWolumin$bnc$2rdacarrier
=380  \\$aArtykuły
=388  1\$a2001-
=600  17$aHandke, Peter$d(1942- )$2DBN
=648  \7$a2001-$2DBN
=650  \7$aLiteracka Nagroda Nobla$2DBN
=650  \7$aPisarze austriaccy$2DBN
=651  \7$aAustria$2DBN
=655  \7$aArtykuł publicystyczny$2DBN
=655  \7$aArtykuł z czasopisma ekonomicznego$2DBN
=655  \7$aArtykuł z czasopisma prawniczego$2DBN
=658  \\$aLiteraturoznawstwo
=773  0\$iW:$tDziennik Gazeta Prawna : prawo, biznes, polityka.$x2080-6744.$g2019, nr 198, s. A11$w(PL)b0000002428462
=915  \\$aPrasa 2019/10/15
=916  \\$aKofta, Piotr   (1973- )
=945  0\$b2018$b2019
=946  \\$k2019
=951  \7$aAustria$2DBN
=955  \7$aArtykuł publicystyczny$2DBN
=955  \7$aArtykuł z czasopisma ekonomicznego$2DBN
=955  \7$aArtykuł z czasopisma prawniczego$2DBN
=958  \\$aLiteraturoznawstwo
=980  \\$aArtykuły
=999  \\$aTOR M$bgbar
  
