=LDR  02740naa a2200781 a 4500
=001  b1000000428738
=005  20211030064231.9
=008  191015s2019    pl           |000 0 pol  
=009  9911265100505606
=015  \\$aPrasa 2019/10/15
=035  \\$a(PL)b1000000428738
=040  \\$aPOZN W$cPOZN W$dWA N
=045  2\$bd1701$bd2019
=046  \\$k2019
=100  1\$aBugajski, Leszek$d(1949- )$eAutor
=245  10$aKoronacja. Nobel dla Polki /$cLeszek Bugajski.
=260  \\$c14-20 X 2019.
=336  \\$aTekst$btxt$2rdacontent
=337  \\$aBez urządzenia pośredniczącego$bn$2rdamedia
=338  \\$aWolumin$bnc$2rdacarrier
=380  \\$aArtykuły
=388  1\$a2001-
=600  17$aTokarczuk, Olga$d(1962- )$2DBN
=630  07$aTokarczuk, Olga$d(1962- ). Anna In w grobowcach świata$2DBN
=630  07$aTokarczuk, Olga$d(1962- ). Bieguni$2DBN
=630  07$aTokarczuk, Olga$d(1962- ). E.E.$2DBN
=630  07$aTokarczuk, Olga$d(1962- ). Księgi Jakubowe$2DBN
=630  07$aTokarczuk, Olga$d(1962- ). Prawiek i inne czasy$2DBN
=648  \7$a1701-1800$2DBN
=648  \7$a1801-1900$2DBN
=648  \7$a1901-2000$2DBN
=650  \7$aLaureaci$2DBN
=650  \7$aLiteracka Nagroda Nobla$2DBN
=650  \7$aPisarze$2DBN
=651  \7$aPolska$2DBN
=651  \7$aSzwecja$2DBN
=655  \7$aArtykuł publicystyczny$2DBN
=658  \\$aKultura i sztuka
=658  \\$aLiteraturoznawstwo
=773  0\$iW:$tWprost (Poznań).$x0209-1747.$g2019, nr 42, s. 36-39$w(PL)b0000001538668
=915  \\$aPrasa 2019/10/15
=916  \\$aBugajski, Leszek   (1949- )
=930  07$aTokarczuk, Olga$d(1962- ). Anna In w grobowcach świata$2DBN
=930  07$aTokarczuk, Olga$d(1962- ). Bieguni$2DBN
=930  07$aTokarczuk, Olga$d(1962- ). E.E.$2DBN
=930  07$aTokarczuk, Olga$d(1962- ). Księgi Jakubowe$2DBN
=930  07$aTokarczuk, Olga$d(1962- ). Prawiek i inne czasy$2DBN
=945  2\$b1701$b2019
=946  \\$k2019
=951  \7$aPolska$2DBN
=951  \7$aSzwecja$2DBN
=955  \7$aArtykuł publicystyczny$2DBN
=958  \\$aKultura i sztuka
=958  \\$aLiteraturoznawstwo
=980  \\$aArtykuły
=999  \\$aPOZN W$bmd
  
