=LDR  02384naa a2200721 a 4500
=001  b1000000428786
=005  20220216161539.9
=008  191015s2019    pl           |000 0 pol  
=009  9911265092105606
=015  \\$aPrasa 2019/10/15
=035  \\$a(PL)b1000000428786
=040  \\$aPOZN W$cPOZN W$dWA N
=045  2\$bd2009$bd2019
=046  \\$k2019
=100  1\$aTokarczuk, Olga$d(1962- )$eWywiad
=245  10$aStaram się nie marnować papieru. Nobel dla Polki /$cOlga Tokarczuk ; rozmawiała Sara Komaiszko.
=260  \\$c14-20 X 2019.
=336  \\$aTekst$btxt$2rdacontent
=337  \\$aBez urządzenia pośredniczącego$bn$2rdamedia
=338  \\$aWolumin$bnc$2rdacarrier
=380  \\$aArtykuły
=388  1\$a2001-
=600  17$aTokarczuk, Olga$d(1962- )$2DBN
=630  07$aPokot (film)$2DBN
=650  \7$aFeminizm$2DBN
=650  \7$aFilmowcy$2DBN
=650  \7$aKina$2DBN
=650  \7$aLiteratura popularna$2DBN
=650  \7$aMowa nienawiści$2DBN
=650  \7$aPisarze$2DBN
=651  \7$aPolska$2DBN
=655  \7$aArtykuł publicystyczny$2DBN
=655  \7$aArtykuł z tygodnika opinii$2DBN
=658  \\$aKultura i sztuka
=658  \\$aMedia i komunikacja społeczna
=658  \\$aPraca, kariera, pieniądze
=658  \\$aReligia i duchowość
=700  1\$aKomaiszko, Sara$eWywiad
=773  0\$iW:$tWprost (Poznań).$x0209-1747.$g2019, nr 42, s. 40-42$w(PL)b0000001538668
=915  \\$aPrasa 2019/10/15
=916  \\$aTokarczuk, Olga   (1962- )
=918  1\$aKomaiszko, Sara
=930  07$aPokot (film)$2DBN
=945  2\$b2009$b2019
=946  \\$k2019
=951  \7$aPolska$2DBN
=955  \7$aArtykuł publicystyczny$2DBN
=955  \7$aArtykuł z tygodnika opinii$2DBN
=958  \\$aKultura i sztuka
=958  \\$aMedia i komunikacja społeczna
=958  \\$aPraca, kariera, pieniądze
=958  \\$aReligia i duchowość
=980  \\$aArtykuły
=999  \\$aPOZN W$bmd
  
