=LDR  01624naa a2200529 i 4500
=001  b1000000428789
=005  20211030064519.4
=008  191015s2019    pl            000 0 pol  
=009  9911264732605606
=015  \\$aPrasa 2019/10/15
=035  \\$a(PL)b1000000428789
=040  \\$aZAM 001$cZAM 001$dWA N
=045  0\$bd2019
=046  \\$k2019
=100  1\$aStanisławski, Wojciech$d(1968- )$eAutor
=245  10$aSzamanka /$cWojciech Stanisławski.
=260  \\$c14-20 X 2019.
=336  \\$aTekst$btxt$2rdacontent
=337  \\$aBez urządzenia pośredniczącego$bn$2rdamedia
=338  \\$aWolumin$bnc$2rdacarrier
=380  \\$aArtykuły
=388  1\$a2001-
=600  17$aTokarczuk, Olga$d(1962- )$2DBN
=648  \7$a2001-$2DBN
=650  \7$aLiteracka Nagroda Nobla$2DBN
=650  \7$aLiteratura polska$2DBN
=650  \7$aPisarze polscy$2DBN
=651  \7$aPolska$2DBN
=655  \7$aArtykuł publicystyczny$2DBN
=658  \\$aHistoria
=773  0\$iW:$tSieci (Gdynia ; 2017).$x2544-2694.$g2019, nr 41, s. 62-63$w(PL)b0000005671569
=915  \\$aPrasa 2019/10/15
=916  \\$aStanisławski, Wojciech   (1968- )
=945  0\$b2019
=946  \\$k2019
=951  \7$aPolska$2DBN
=955  \7$aArtykuł publicystyczny$2DBN
=958  \\$aHistoria
=980  \\$aArtykuły
=999  \\$aZAM 001$bBK
  
