=LDR  02021naa a2200637 a 4500
=001  b1000000428849
=005  20211030064657.7
=008  191015s2019    pl           |000 0 pol  
=009  9911265089305606
=015  \\$aPrasa 2019/10/15
=035  \\$a(PL)b1000000428849
=040  \\$aPOZN W$cPOZN W$dWA N
=045  2\$bd1996$bd2019
=046  \\$k2019
=100  1\$aHolland, Agnieszka$d(1948- )$eAutor
=245  10$aNiech ten Nobel da nam kopa! Nobel dla Polki /$cAgnieszka Holland ; notował Krzysztof Kwiatkowski.
=260  \\$c14-20 X 2019.
=336  \\$aTekst$btxt$2rdacontent
=337  \\$aBez urządzenia pośredniczącego$bn$2rdamedia
=338  \\$aWolumin$bnc$2rdacarrier
=380  \\$aArtykuły
=388  1\$a2001-
=600  17$aHolland, Agnieszka$d(1948- )$2DBN
=648  \7$a1901-2000$2DBN
=648  \7$a1989-2000$2DBN
=650  \7$aEkologia$2DBN
=650  \7$aFeminizm$2DBN
=650  \7$aIntelektualiści$2DBN
=650  \7$aInternacjonalizm$2DBN
=650  \7$aLiteracka Nagroda Nobla$2DBN
=650  \7$aPisarze$2DBN
=650  \7$aReżyserzy$2DBN
=651  \7$aPolska$2DBN
=655  \7$aArtykuł publicystyczny$2DBN
=658  \\$aKultura i sztuka
=658  \\$aLiteraturoznawstwo
=773  0\$iW:$tWprost (Poznań).$x0209-1747.$g2019, nr 42, s. 43-45$w(PL)b0000001538668
=915  \\$aPrasa 2019/10/15
=916  \\$aHolland, Agnieszka   (1948- )
=945  2\$b1996$b2019
=946  \\$k2019
=951  \7$aPolska$2DBN
=955  \7$aArtykuł publicystyczny$2DBN
=958  \\$aKultura i sztuka
=958  \\$aLiteraturoznawstwo
=980  \\$aArtykuły
=999  \\$aPOZN W$bmd
  
