=LDR  01874naa a2200589 i 4500
=001  b1000000428879
=005  20211030064250.1
=008  191015s2019    pl           |000 0 pol  
=009  9911265086305606
=015  \\$aPrasa 2019/10/15
=035  \\$a(PL)b1000000428879
=040  \\$aZGÓRA M$cZGÓRA M$dWA N
=045  2\$bd1993$bd2019
=046  \\$k2019
=100  1\$aKąkiel, Małgorzata$d(1958-2021)$eAutor
=245  10$aBiegnę, myślę, rozumiem :$bOlga Tokarczuk: Nobla dedykuję Polakom /$cMałgorzata Kąkiel.
=246  30$aOlga Tokarczuk: Nobla dedykuję Polakom
=260  \\$c14-20 X 2019.
=336  \\$aTekst$btxt$2rdacontent
=337  \\$aBez urządzenia pośredniczącego$bn$2rdamedia
=338  \\$aWolumin$bnc$2rdacarrier
=380  \\$aArtykuły
=388  1\$a2001-
=600  17$aTokarczuk, Olga$d(1962- )$2DBN
=648  \7$a1901-2000$2DBN
=648  \7$a1989-2000$2DBN
=650  \7$aLaureaci$2DBN
=650  \7$aLiteracka Nagroda Nobla$2DBN
=650  \7$aLiteratura polska$2DBN
=650  \7$aPisarze polscy$2DBN
=650  \7$aTematy i motywy$2DBN
=651  \7$aPolska$2DBN
=655  \7$aArtykuł publicystyczny$2DBN
=658  \\$aHistoria
=773  0\$iW:$tPrzegląd (Warszawa ; 1999).$x1509-3115.$g2019, nr 42, s. 8-10$w(PL)b0000001346565
=915  \\$aPrasa 2019/10/15
=916  \\$aKąkiel, Małgorzata   
=945  2\$b1993$b2019
=946  \\$k2019
=951  \7$aPolska$2DBN
=955  \7$aArtykuł publicystyczny$2DBN
=958  \\$aHistoria
=980  \\$aArtykuły
=999  \\$aZGÓRA M$bUM
  
