=LDR  01700naa a2200541 i 4500
=001  b1000000429203
=005  20211030063650.4
=008  191016s2019    pl           |000 0 pol  
=009  9911265075805606
=015  \\$aPrasa 2019/10/16
=035  \\$a(PL)b1000000429203
=040  \\$aZGÓRA M$cZGÓRA M$dWA N
=045  2\$bd1990$bd2019
=046  \\$k2019
=100  1\$aWolny-Hamkało, Agnieszka$d(1979- )$eAutor
=245  10$aNobel i loteryjka /$cAgnieszka Wolny-Hamkało.
=260  \\$c14-20 X 2019.
=336  \\$aTekst$btxt$2rdacontent
=337  \\$aBez urządzenia pośredniczącego$bn$2rdamedia
=338  \\$aWolumin$bnc$2rdacarrier
=380  \\$aArtykuły
=388  1\$a2001-
=600  17$aTokarczuk, Olga$d(1962- )$2DBN
=648  \7$a1901-2000$2DBN
=648  \7$a1989-2000$2DBN
=650  \7$aLaureaci$2DBN
=650  \7$aLiteracka Nagroda Nobla$2DBN
=650  \7$aLiteratura polska$2DBN
=650  \7$aPisarze polscy$2DBN
=651  \7$aPolska$2DBN
=655  \7$aArtykuł publicystyczny$2DBN
=658  \\$aLiteraturoznawstwo
=773  0\$iW:$tPrzegląd (Warszawa ; 1999).$x1509-3115.$g2019, nr 42, s. 10-11$w(PL)b0000001346565
=915  \\$aPrasa 2019/10/16
=916  \\$aWolny-Hamkało, Agnieszka   (1979- )
=945  2\$b1990$b2019
=946  \\$k2019
=951  \7$aPolska$2DBN
=955  \7$aArtykuł publicystyczny$2DBN
=958  \\$aLiteraturoznawstwo
=980  \\$aArtykuły
=999  \\$aZGÓRA M$bUM
  
