=LDR  02116naa a2200685 a 4500
=001  b1000000429557
=005  20211030063458.7
=008  191016s2019    pl           |000 0 pol  
=009  9911263819705606
=015  \\$aPrasa 2019/10/16
=035  \\$a(PL)b1000000429557
=040  \\$aPOZN W$cPOZN W$dWA N
=045  2\$bd1995$bd2019
=046  \\$k2019
=100  1\$aWanat, Ewa$d(1962- )$eAutor
=245  10$aOni przeminą, Ona zostanie /$cEwa Wanat.
=260  \\$c14-20 X 2019.
=336  \\$aTekst$btxt$2rdacontent
=337  \\$aBez urządzenia pośredniczącego$bn$2rdamedia
=338  \\$aWolumin$bnc$2rdacarrier
=380  \\$aArtykuły
=388  1\$a2001-
=600  17$aTokarczuk, Olga$d(1962- )$2DBN
=648  \7$a1901-2000$2DBN
=648  \7$a1989-2000$2DBN
=650  \7$aKobieta$2DBN
=650  \7$aKształcenie$2DBN
=650  \7$aLiteracka Nagroda Nobla$2DBN
=650  \7$aMinistrowie$2DBN
=650  \7$aMniejszości narodowe$2DBN
=650  \7$aMniejszości seksualne$2DBN
=650  \7$aMowa nienawiści$2DBN
=650  \7$aPisarze$2DBN
=650  \7$aRząd Mateusza Morawieckiego (2017-2019)$2DBN
=650  \7$aTolerancja$2DBN
=651  \7$aPolska$2DBN
=655  \7$aArtykuł publicystyczny$2DBN
=658  \\$aEdukacja i pedagogika
=658  \\$aKultura i sztuka
=658  \\$aOchrona środowiska
=773  0\$iW:$tWprost (Poznań).$x0209-1747.$g2019, nr 42, s. 46$w(PL)b0000001538668
=915  \\$aPrasa 2019/10/16
=916  \\$aWanat, Ewa   (1962- )
=945  2\$b1995$b2019
=946  \\$k2019
=951  \7$aPolska$2DBN
=955  \7$aArtykuł publicystyczny$2DBN
=958  \\$aEdukacja i pedagogika
=958  \\$aKultura i sztuka
=958  \\$aOchrona środowiska
=980  \\$aArtykuły
=999  \\$aPOZN W$bmd
  
