=LDR  01961naa a2200625 a 4500
=001  b1000000429587
=005  20211030063519.2
=008  191016s2019    pl           |000 0 pol  
=009  9911263818805606
=015  \\$aPrasa 2019/10/16
=035  \\$a(PL)b1000000429587
=040  \\$aPOZN W$cPOZN W$dWA N
=045  2\$bd1990$bd2019
=046  \\$k2019
=100  1\$aKwiatkowski, Krzysztof$c(dziennikarz)$eAutor
=245  10$aObywatele świata /$cKrzysztof Kwiatkowski.
=260  \\$c14-20 X 2019.
=336  \\$aTekst$btxt$2rdacontent
=337  \\$aBez urządzenia pośredniczącego$bn$2rdamedia
=338  \\$aWolumin$bnc$2rdacarrier
=380  \\$aArtykuły
=388  1\$a2001-
=600  17$aHolland, Agnieszka$d(1948- )$2DBN
=600  17$aPawlikowski, Paweł$d(1957- )$2DBN
=600  17$aSzumowska, Małgorzata$d(1973- )$2DBN
=648  \7$a2001-$2DBN
=650  \7$aFilmowcy$2DBN
=650  \7$aKina$2DBN
=650  \7$aKultura$2DBN
=650  \7$aLiteracka Nagroda Nobla$2DBN
=651  \7$aPolska$2DBN
=655  \7$aArtykuł publicystyczny$2DBN
=658  \\$aKultura i sztuka
=658  \\$aLiteraturoznawstwo
=773  0\$iW:$tWprost (Poznań).$x0209-1747.$g2019, nr 42, s. 47$w(PL)b0000001538668
=915  \\$aPrasa 2019/10/16
=916  \\$aKwiatkowski, Krzysztof  (dziennikarz) 
=945  2\$b1990$b2019
=946  \\$k2019
=951  \7$aPolska$2DBN
=955  \7$aArtykuł publicystyczny$2DBN
=958  \\$aKultura i sztuka
=958  \\$aLiteraturoznawstwo
=980  \\$aArtykuły
=999  \\$aPOZN W$bmd
  
