=LDR  01711naa a2200541 i 4500
=001  b1000000432007
=005  20211030064638.5
=008  191019s2019    pl            |0000 pol   
=009  9911265887805606
=015  \\$aPrasa 2019/10/19
=035  \\$a(PL)b1000000432007
=040  \\$aGD W$cGD W$dWA N
=045  2\$bd1905$bd2019
=046  \\$k2019
=100  1\$aKube, Marcin$eAutor
=245  10$aW uznaniu zasług /$cMarcin Kube.
=260  \\$c19-20 X 2019.
=336  \\$aTekst$btxt$2rdacontent
=337  \\$aBez urządzenia pośredniczącego$bn$2rdamedia
=338  \\$aWolumin$bnc$2rdacarrier
=380  \\$aArtykuły
=388  1\$a2001-
=600  17$aMiłosz, Czesław$d(1911-2004)$2DBN
=600  17$aReymont, Władysław Stanisław$d(1867-1925)$2DBN
=600  17$aSienkiewicz, Henryk$d(1846-1916)$2DBN
=600  17$aSzymborska, Wisława$d(1923-2012)$2DBN
=648  \7$a1901-2000$2DBN
=650  \7$aLiteracka Nagroda Nobla$2DBN
=651  \7$aPolska$2DBN
=655  \7$aArtykuł publicystyczny$2DBN
=658  \\$aLiteraturoznawstwo
=773  0\$iW:$tRzeczpospolita (Wyd. zasadnicze).$x0208-9130.$g2019, nr 245, s. 10-12$w(PL)b0000001472831
=915  \\$aPrasa 2019/10/19
=916  \\$aKube, Marcin   
=945  2\$b1905$b2019
=946  \\$k2019
=951  \7$aPolska$2DBN
=955  \7$aArtykuł publicystyczny$2DBN
=958  \\$aLiteraturoznawstwo
=980  \\$aArtykuły
=999  \\$aGD W$bim
  
