=LDR  01911naa a2200577 i 4500
=001  b1000000432734
=005  20211030064308.2
=008  191021s2019    pl            000 0 pol  
=009  9911268365805606
=015  \\$aPrasa 2019/10/21
=035  \\$a(PL)b1000000432734
=040  \\$aTOR M$cTOR M$dWA N
=045  0\$bd2019
=046  \\$k2019
=100  1\$aDunin, Kinga$d(1954- )$eWywiad
=245  10$aTokarczuk wyprowadza nas z opłotków /$cz Kingą Dunin rozmawia Robert Mazurek.
=260  \\$c18-20 X 2019.
=336  \\$aTekst$btxt$2rdacontent
=337  \\$aBez urządzenia pośredniczącego$bn$2rdamedia
=338  \\$aWolumin$bnc$2rdacarrier
=380  \\$aArtykuły
=388  1\$a2001-
=600  17$aTokarczuk, Olga$d(1962- )$2DBN
=648  \7$a2001-$2DBN
=650  \7$aCzytelnictwo$2DBN
=650  \7$aLiteracka Nagroda Nobla$2DBN
=650  \7$aLiteratura polska$2DBN
=651  \7$aPolska$2DBN
=655  \7$aArtykuł z czasopisma ekonomicznego$2DBN
=655  \7$aArtykuł z czasopisma prawniczego$2DBN
=655  \7$aArtykuł z gazety$2DBN
=658  \\$aLiteraturoznawstwo
=700  1\$aMazurek, Robert$d(1971- )$eWywiad
=773  0\$iW:$tDziennik Gazeta Prawna : prawo, biznes, polityka.$x2080-6744.$g2019, nr 203, s. A34-A35$w(PL)b0000002428462
=915  \\$aPrasa 2019/10/21
=916  \\$aDunin, Kinga   (1954- )
=918  1\$aMazurek, Robert$d(1971- )
=945  0\$b2019
=946  \\$k2019
=951  \7$aPolska$2DBN
=955  \7$aArtykuł z czasopisma ekonomicznego$2DBN
=955  \7$aArtykuł z czasopisma prawniczego$2DBN
=955  \7$aArtykuł z gazety$2DBN
=958  \\$aLiteraturoznawstwo
=980  \\$aArtykuły
=999  \\$aTOR M$bgbar
  
