=LDR  01517naa a2200481 i 4500
=001  b1000000432961
=005  20211030063903.9
=008  191021s2019    pl            000 0 pol  
=009  9911266133505606
=015  \\$aPrasa 2019/10/21
=035  \\$a(PL)b1000000432961
=040  \\$aWA M$cWA M$dWA N
=045  0\$bd2019
=046  \\$k2019
=100  1\$aWodecka, Dorota$d(1968- )$eAutor
=245  10$aCzy jej dredy są z włosów sióstr? /$cDorota Wodecka.
=260  \\$c19 X 2019.
=336  \\$aTekst$btxt$2rdacontent
=337  \\$aBez urządzenia pośredniczącego$bn$2rdamedia
=338  \\$aWolumin$bnc$2rdacarrier
=380  \\$aArtykuły
=388  1\$a2001-
=600  17$aTokarczuk, Olga$d(1962- )$2DBN
=648  \7$a2001-$2DBN
=650  \7$aLiteracka Nagroda Nobla$2DBN
=651  \7$aPolska$2DBN
=655  \7$aArtykuł z czasopisma dla kobiet$2DBN
=658  \\$aLiteraturoznawstwo
=773  0\$iW:$tWysokie Obcasy : dodatek do Gazety Wyborczej.$x1506-9087.$g2019, nr 42, s. 8-11$w(PL)b0000001386132
=915  \\$aPrasa 2019/10/21
=916  \\$aWodecka, Dorota   (1968- )
=945  0\$b2019
=946  \\$k2019
=951  \7$aPolska$2DBN
=955  \7$aArtykuł z czasopisma dla kobiet$2DBN
=958  \\$aLiteraturoznawstwo
=980  \\$aArtykuły
=999  \\$aWA M$bNP
  
