=LDR  01954naa a2200613 i 4500
=001  b1000000433729
=005  20221109152059.1
=008  191022s2019    pl            000 0 pol  
=009  9911263770105606
=015  \\$aPrasa 2019/10/22
=035  \\$a(PL)b1000000433729
=040  \\$aBPTOR$cBPTOR$dWA N
=045  2\$bd1997$bd2019
=046  \\$k2019
=100  1\$aBratkowski, Piotr$d(1955-2021)$eAutor
=245  10$aOutsiderka na wojnie /$cPiotr Bratkowski.
=260  \\$c14-20 X 2019.
=336  \\$aTekst$btxt$2rdacontent
=337  \\$aBez urządzenia pośredniczącego$bn$2rdamedia
=338  \\$aWolumin$bnc$2rdacarrier
=380  \\$aArtykuły
=388  1\$a2001-
=600  17$aTokarczuk, Olga$d(1962- )$2DBN
=648  \7$a1901-2000$2DBN
=648  \7$a1989-2000$2DBN
=650  \7$aLaureaci$2DBN
=650  \7$aLiteracka Nagroda Nobla$2DBN
=650  \7$aLiteratura polska$2DBN
=650  \7$aPisarze polscy$2DBN
=650  \7$aPolityka$2DBN
=651  \7$aPolska$2DBN
=655  \7$aArtykuł publicystyczny$2DBN
=658  \\$aLiteraturoznawstwo
=773  0\$iW:$tNewsweek Polska.$x1642-5685.$g2019, nr 42, s. 102-106$w(PL)b0000001458514
=915  \\$aPrasa 2019/10/22
=916  \\$aBratkowski, Piotr   (1955- )
=945  2\$b1997$b2019
=946  \\$k2019
=951  \7$aPolska$2DBN
=953  \\$a283211$9LOCAL$z48OMNIS_ZAM
=955  \7$aArtykuł publicystyczny$2DBN
=958  \\$aLiteraturoznawstwo
=963  \\$aZAM_1$9LOCAL$z48OMNIS_ZAM
=980  \\$aArtykuły
=991  \\$aCzyt. czasop.$9LOCAL$z48OMNIS_ZAM
=999  \\$aBPTOR$baw
  
