=LDR  01916naa a2200577 i 4500
=001  b1000000433825
=005  20211030064041.3
=008  191022s2014    pl           |000 0 pol  
=009  9911268209105606
=035  \\$a(OCoLC)1242257025
=040  \\$aWA N$cWA N$dWA N
=045  2\$bd1989$bd2014
=046  \\$k2014
=080  \\$a821.162.1(091)(045/046)
=100  1\$aRabizo-Birek, Magdalena$d(1964- )$eAutor
=245  10$aOdkrywanie miejsc niemieckich w prozie Olgi Tokarczuk i Karola Maliszewskiego /$cMałgorzata Rabizo-Birek ; Uniwersytet Rzeszowski.
=260  \\$c2014.
=336  \\$aTekst$btxt$2rdacontent
=337  \\$aBez urządzenia pośredniczącego$bn$2rdamedia
=338  \\$aWolumin$bnc$2rdacarrier
=380  \\$aArtykuły
=388  1\$a2001-
=600  17$aMaliszewski, Karol$d(1960- )$2DBN
=648  \7$a1901-2000$2DBN
=648  \7$a1989-2000$2DBN
=650  \7$aLiteratura polska$2DBN
=650  \7$aProza$2DBN
=650  \7$aTożsamość narodowa$2DBN
=651  \7$aNiemcy$2DBN
=655  \7$aArtykuł problemowy$2DBN
=658  \\$aLiteraturoznawstwo
=710  2\$aUniwersytet Rzeszowski$4oth
=773  0\$iW:$tOpcja niemiecka : o problemach z tożsamością i historią w literaturze polskiej i niemieckiej po 1989 roku$gs. 11-34$w(PL)b0000003180412
=916  \\$aRabizo-Birek, Magdalena   (1964- )
=921  2\$aUniwersytet Rzeszowski
=931  \\$a821.162.1(091)(045/046)
=945  2\$b1989$b2014
=946  \\$k2014
=951  \7$aNiemcy$2DBN
=955  \7$aArtykuł problemowy$2DBN
=958  \\$aLiteraturoznawstwo
=980  \\$aArtykuły
=999  \\$aBNzkdroz$brs
  
