=LDR  01667naa a2200517 i 4500
=001  b1000000433911
=005  20211030063747.1
=008  191022s2019    pl            000 0 pol  
=009  9911268205705606
=015  \\$aPrasa 2019/10/22
=035  \\$a(PL)b1000000433911
=040  \\$aWA N$cWA N$dWA N
=045  0\$bd2019
=046  \\$k2019
=245  00$aTokarczuk superstar :$bnoblistka we Wrocławiu /$cDorota Oczak-Stach, Michał Nogaś.
=260  \\$c22 X 2019.
=336  \\$aTekst$btxt$2rdacontent
=337  \\$aBez urządzenia pośredniczącego$bn$2rdamedia
=338  \\$aWolumin$bnc$2rdacarrier
=380  \\$aArtykuły
=388  1\$a2001-
=600  17$aTokarczuk, Olga$d(1962- )$2DBN
=648  \7$a2001-$2DBN
=650  \7$aLiteratura polska$2DBN
=650  \7$aPisarze polscy$2DBN
=651  \7$aWrocław (woj. dolnośląskie)$2DBN
=655  \7$aArtykuł publicystyczny$2DBN
=658  \\$aLiteraturoznawstwo
=700  1\$aOczak, Dorota$d(1989- )$eAutor
=773  0\$iW:$tGazeta Wyborcza (Wyd. zasadnicze).$x0860-908X.$g2019, nr 247, s. 14$w(PL)b0000001301576
=915  \\$aPrasa 2019/10/22
=918  1\$aOczak, Dorota$d(1989- )
=945  0\$b2019
=946  \\$k2019
=951  \7$aWrocław (woj. dolnośląskie)$2DBN
=955  \7$aArtykuł publicystyczny$2DBN
=958  \\$aLiteraturoznawstwo
=980  \\$aArtykuły
=999  \\$aBNzkdprasa$bmp
  
