=LDR  01805naa a2200541 i 4500
=001  b1000000437116
=005  20211030063903.9
=008  191028s2019    pl            000 0 pol  
=009  9911269746505606
=015  \\$aPrasa 2019/10/28
=035  \\$a(PL)b1000000437116
=040  \\$aWA N$cWA N$dWA N
=045  0\$bd2019
=046  \\$k2019
=100  1\$aSzostak, Natalia$c(dziennikarz)$eAutor
=245  10$aEfekt Nobla, Tokarczuk spod lady :$bpowieści Olgi Tokarczuk sprzedają się na pniu /$cNatalia Szostak.
=246  3\$aPowieści Olgi Tokarczuk sprzedają się na pniu
=260  \\$c28 X 2019.
=336  \\$aTekst$btxt$2rdacontent
=337  \\$aBez urządzenia pośredniczącego$bn$2rdamedia
=338  \\$aWolumin$bnc$2rdacarrier
=380  \\$aArtykuły
=388  1\$a2001-
=600  17$aTokarczuk, Olga$d(1962- )$2DBN
=648  \7$a2001-$2DBN
=650  \7$aKsięgarstwo$2DBN
=650  \7$aLiteratura polska$2DBN
=650  \7$aLiteracka Nagroda Nobla$2DBN
=651  \7$aPolska$2DBN
=655  \7$aArtykuł publicystyczny$2DBN
=658  \\$aBibliotekarstwo, archiwistyka, muzealnictwo
=773  0\$iW:$tGazeta Wyborcza (Wyd. zasadnicze).$x0860-908X.$g2019, nr 252, s. 14$w(PL)b0000001301576
=915  \\$aPrasa 2019/10/28
=916  \\$aSzostak, Natalia  (dziennikarz) 
=945  0\$b2019
=946  \\$k2019
=951  \7$aPolska$2DBN
=955  \7$aArtykuł publicystyczny$2DBN
=958  \\$aBibliotekarstwo, archiwistyka, muzealnictwo
=980  \\$aArtykuły
=999  \\$aBNzkdprasa$bmp
  
