=LDR  01728naa a2200505 i 4500
=001  b1000000438228
=005  20211030063708.5
=008  191029s2019    pl       o    000 0 pol  
=009  9911269516605606
=015  \\$aPrasa 2019/10/29
=035  \\$a(PL)b1000000438228
=040  \\$aKR M$cKR M$dWA N
=045  0\$bd1993$bd2019
=046  \\$k2019
=100  1\$aKoziołek, Ryszard$d(1966- )$eAutor
=245  10$aPani Literatura /$cRyszard Koziołek.
=260  \\$c20 X 2019.
=336  \\$aTekst$btxt$2rdacontent
=337  \\$aBez urządzenia pośredniczącego$bn$2rdamedia
=338  \\$aWolumin$bnc$2rdacarrier
=380  \\$aArtykuły
=388  1\$a2001-
=600  17$aTokarczuk, Olga$d(1962- )$2DBN
=648  \7$a2001-$2DBN
=650  \7$aLiteratura polska$2DBN
=655  \7$aArtykuł publicystyczny$2DBN
=655  \7$aArtykuł z czasopisma katolickiego$2DBN
=655  \7$aArtykuł z czasopisma kulturalnego$2DBN
=658  \\$aLiteraturoznawstwo
=773  0\$iW:$tTygodnik Powszechny : katolickie pismo społeczno-kulturalne.$x0041-4808.$g2019, nr 42, s. 12-17$w(PL)b0000001298071
=915  \\$aPrasa 2019/10/29
=916  \\$aKoziołek, Ryszard   (1966- )
=945  0\$b1993$b2019
=946  \\$k2019
=955  \7$aArtykuł publicystyczny$2DBN
=955  \7$aArtykuł z czasopisma katolickiego$2DBN
=955  \7$aArtykuł z czasopisma kulturalnego$2DBN
=958  \\$aLiteraturoznawstwo
=980  \\$aArtykuły
=999  \\$aKR M$bam
  
