=LDR  01837naa a2200541 i 4500
=001  b1000000438356
=005  20211030063844.8
=008  191029s2019    pl       o    000 0 pol  
=009  9911269513705606
=015  \\$aPrasa 2019/10/29
=035  \\$a(PL)b1000000438356
=040  \\$aKR M$cKR M$dWA N
=045  0\$bd1996
=046  \\$k2019
=100  1\$aTokarczuk, Olga$d(1962- )$eAutor
=245  10$aŚwiat z odwrotnej strony /$cOlga Tokarczuk.
=260  \\$c20 X 2019.
=336  \\$aTekst$btxt$2rdacontent
=337  \\$aBez urządzenia pośredniczącego$bn$2rdamedia
=338  \\$aWolumin$bnc$2rdacarrier
=380  \\$aArtykuły
=388  1\$a2001-
=520  8\$aPrzedruk artykułu z "Tygodnika Powszechnego" 1996, nr 46.
=600  17$aTokarczuk, Olga$d(1962- )$2DBN
=648  \7$a1901-2000$2DBN
=650  \7$aPisarze polscy$2DBN
=655  \7$aArtykuł publicystyczny$2DBN
=655  \7$aArtykuł z czasopisma katolickiego$2DBN
=655  \7$aArtykuł z czasopisma kulturalnego$2DBN
=658  \\$aHistoria
=773  0\$iW:$tTygodnik Powszechny : katolickie pismo społeczno-kulturalne.$x0041-4808.$g2019, nr 42, s. 19-21$w(PL)b0000001298071
=915  \\$aPrasa 2019/10/29
=916  \\$aTokarczuk, Olga   (1962- )
=945  0\$b1996
=946  \\$k2019
=955  \7$aArtykuł publicystyczny$2DBN
=955  \7$aArtykuł z czasopisma katolickiego$2DBN
=955  \7$aArtykuł z czasopisma kulturalnego$2DBN
=958  \\$aHistoria
=980  \\$aArtykuły
=999  \\$aKR M$bam
  
