=LDR  01500naa a2200481 i 4500
=001  b1000000439223
=005  20211030063922.1
=008  191030s2019    pl            000 0 pol  
=009  9911269472905606
=015  \\$aPrasa 2019/10/30
=035  \\$a(PL)b1000000439223
=040  \\$aŁ M$cŁ M$dWA N
=045  2\$bd2014$bd2019
=046  \\$k2019
=100  1\$aTekieli, Robert$d(1961- )$eAutor
=245  10$aNobel i skobel /$cRobert Tekieli.
=260  \\$c16 X 2019.
=336  \\$aTekst$btxt$2rdacontent
=337  \\$aBez urządzenia pośredniczącego$bn$2rdamedia
=338  \\$aWolumin$bnc$2rdacarrier
=380  \\$aArtykuły
=388  1\$a2001-
=600  17$aTokarczuk, Olga$d(1962- )$2DBN
=648  \7$a2001-$2DBN
=650  \7$aLiteracka Nagroda Nobla$2DBN
=651  \7$aPolska$2DBN
=655  \7$aArtykuł publicystyczny$2DBN
=658  \\$aLiteraturoznawstwo
=773  0\$iW:$tGazeta Polska (Warszawa ; 1993).$x1230-4581.$g2019, nr 42, s. 90$w(PL)b0000001610037
=915  \\$aPrasa 2019/10/30
=916  \\$aTekieli, Robert   (1961- )
=945  2\$b2014$b2019
=946  \\$k2019
=951  \7$aPolska$2DBN
=955  \7$aArtykuł publicystyczny$2DBN
=958  \\$aLiteraturoznawstwo
=980  \\$aArtykuły
=999  \\$aBNbzczp$bŁ M APP
  
