=LDR  02072naa a2200649 i 4500
=001  b1000000439371
=005  20211030064537.4
=008  191030s2019    pl            |0000 pol   
=009  9911269892205606
=015  \\$aPrasa 2019/10/30
=035  \\$a(PL)b1000000439371
=040  \\$aGD W$cGD W$dWA N
=041  1\$apol$hger
=045  2\$bd1966$bd2019
=046  \\$k2019
=245  00$aPisarze nie są bogami.
=260  \\$c25 X - 7 XI 2019.
=336  \\$aTekst$btxt$2rdacontent
=337  \\$aBez urządzenia pośredniczącego$bn$2rdamedia
=338  \\$aWolumin$bnc$2rdacarrier
=380  \\$aArtykuły
=388  1\$a2001-
=546  \\$aTekst tłumaczony z języka niemieckiego.
=600  17$aHandke, Peter$d(1942- )$2DBN
=648  \7$a1901-2000$2DBN
=648  \7$a1945-1989$2DBN
=648  \7$a1989-2000$2DBN
=650  \7$aLaureaci$2DBN
=650  \7$aLiteracka Nagroda Nobla$2DBN
=650  \7$aLiteratura austriacka$2DBN
=650  \7$aLiteratura polska$2DBN
=650  \7$aPisarze austriaccy$2DBN
=651  \7$aAustria$2DBN
=655  \7$aArtykuł publicystyczny$2DBN
=655  \7$aArtykuł z czasopisma kulturalnego$2DBN
=655  \7$aArtykuł z czasopisma społeczno-politycznego$2DBN
=658  \\$aLiteraturoznawstwo
=773  0\$iW:$tForum (Warszawa ; 2015).$x2450-8284.$g2019, nr 22, s. 28-31$w(PL)b0000005150091
=915  \\$aPrasa 2019/10/30
=945  2\$b1966$b2019
=946  \\$k2019
=951  \7$aAustria$2DBN
=955  \7$aArtykuł publicystyczny$2DBN
=955  \7$aArtykuł z czasopisma kulturalnego$2DBN
=955  \7$aArtykuł z czasopisma społeczno-politycznego$2DBN
=958  \\$aLiteraturoznawstwo
=980  \\$aArtykuły
=999  \\$abzczp$bGD W ij
  
