=LDR  01723naa a2200565 i 4500
=001  b1000000451532
=005  20211030064537.4
=008  191119s2019    pl           |000 0 pol c
=009  9911279431405606
=035  \\$a(PL)b1000000451532
=040  \\$aWA N$cWA N$dWA N
=045  2\$bd1995$bd2010
=046  \\$k2017
=080  \\$a821.162.1(091)(045/046)
=100  1\$aŁebkowska, Anna$eAutor
=245  10$aCo nowego w "teatrze mowy"? /$cAnna Łebkowska ; Uniwersytet Jagielloński.
=260  \\$c2019.
=336  \\$aTekst$btxt$2rdacontent
=337  \\$aBez urządzenia pośredniczącego$bn$2rdamedia
=338  \\$aWolumin$bnc$2rdacarrier
=380  \\$aArtykuły
=388  1\$a2001-
=600  17$aDukaj, Jacek$d(1974- )$2DBN
=600  17$aKruszyński, Zbigniew$d(1957- )$2DBN
=648  \7$a1901-2000$2DBN
=648  \7$a1989-2000$2DBN
=650  \7$aFantastyka$2DBN
=650  \7$aLiteratura polska$2DBN
=650  \7$aNarracja$2DBN
=650  \7$aPowieść$2DBN
=655  \7$aArtykuł problemowy$2DBN
=658  \\$aLiteraturoznawstwo
=710  2\$aUniwersytet Jagielloński$4oth
=773  0\$iW:$tApetyt na literaturę$gs. 269-283$w(PL)b1000000449939
=916  \\$aŁebkowska, Anna   
=921  2\$aUniwersytet Jagielloński
=931  \\$a821.162.1(091)(045/046)
=945  2\$b1995$b2010
=946  \\$k2017
=955  \7$aArtykuł problemowy$2DBN
=958  \\$aLiteraturoznawstwo
=980  \\$aArtykuły
=999  \\$aBNzkdroz$brs
  
