=LDR  01776naa a2200553 i 4500
=001  b1000000452698
=005  20211030064735.1
=008  191120s2019    pl           |000 0 pol c
=009  9911279411605606
=035  \\$a(PL)b1000000452698
=040  \\$aWA N$cWA N$dWA N
=045  2\$bd1998$bd2018
=046  \\$k2019
=080  \\$a821.162.1(091)(045/046)
=100  1\$aBrenskott, Krzysztof$eAutor
=245  10$aPrzerwać krąg repetycji :$bczłowiek i czas(y) w prozie Olgi Tokarczuk /$cKrzysztof Brenskott ; Uniwersytet Jagielloński.
=260  \\$c2019.
=336  \\$aTekst$btxt$2rdacontent
=337  \\$aBez urządzenia pośredniczącego$bn$2rdamedia
=338  \\$aWolumin$bnc$2rdacarrier
=380  \\$aArtykuły
=388  1\$a2001-
=504  \\$aBibliografia na stronach 341-342.
=600  17$aTokarczuk, Olga$d(1962- )$2DBN
=648  \7$a1901-2000$2DBN
=648  \7$a1989-2000$2DBN
=650  \7$aCzas$2DBN
=650  \7$aCzłowiek$2DBN
=650  \7$aLiteratura polska$2DBN
=650  \7$aProza$2DBN
=655  \7$aArtykuł problemowy$2DBN
=658  \\$aLiteraturoznawstwo
=710  2\$aUniwersytet Jagielloński$4oth
=773  0\$iW:$tCzy są jakieś pytania? : szkice o najnowszej literaturze polskiej$gs. 317-342$w(PL)b1000000444609
=916  \\$aBrenskott, Krzysztof.   
=921  2\$aUniwersytet Jagielloński
=931  \\$a821.162.1(091)(045/046)
=945  2\$b1998$b2018
=946  \\$k2019
=955  \7$aArtykuł problemowy$2DBN
=958  \\$aLiteraturoznawstwo
=980  \\$aArtykuły
=999  \\$aBNzkdroz$brs
  
