=LDR  02025naa a2200613 i 4500
=001  b1000000458009
=005  20221110164518.5
=008  191128s2019    pl            000 0 pol  
=009  9911283585805606
=015  \\$aPrasa 2019/11/28
=035  \\$a(PL)b1000000458009
=040  \\$aBPTOR$cBPTOR$dWA N
=045  0\$bd2019
=046  \\$k2019
=100  1\$aSadowska, Małgorzata$c(dziennikarka)$eAutor
=245  10$aWłos populi. Opowieść bizarna /$cMałgorzata Sadowska.
=260  \\$c12-17 XI 2019.
=336  \\$aTekst$btxt$2rdacontent
=337  \\$aBez urządzenia pośredniczącego$bn$2rdamedia
=338  \\$aWolumin$bnc$2rdacarrier
=380  \\$aArtykuły
=388  1\$a2001-
=600  17$aTokarczuk, Olga$d(1962- )$2DBN
=648  \7$a2001-$2DBN
=650  \7$aLaureaci$2DBN
=650  \7$aLiteracka Nagroda Nobla$2DBN
=650  \7$aLiteratura polska$2DBN
=650  \7$aPisarze polscy$2DBN
=650  \7$aPolityka$2DBN
=651  \7$aPolska$2DBN
=655  \7$aArtykuł publicystyczny$2DBN
=658  \\$aLiteraturoznawstwo$2DBN
=658  \\$aSocjologia i społeczeństwo$2DBN
=773  0\$iW:$tNewsweek Polska.$x1642-5685.$g2019, nr 46, s. 91-93$w(PL)b0000001458514
=915  \\$aPrasa 2019/11/28
=916  \\$aSadowska, Małgorzata  (dziennikarka) 
=945  0\$b2019
=946  \\$k2019
=951  \7$aPolska$2DBN
=953  \\$a284128$9LOCAL$z48OMNIS_ZAM
=955  \7$aArtykuł publicystyczny$2DBN
=958  \\$aLiteraturoznawstwo$2DBN
=958  \\$aSocjologia i społeczeństwo$2DBN
=963  \\$aZAM_1$9LOCAL$z48OMNIS_ZAM
=980  \\$aArtykuły
=991  \\$aCzyt. czasop.$9LOCAL$z48OMNIS_ZAM
=999  \\$aBPTOR$baw
  
