=LDR  01735naa a2200577 i 4500
=001  b1000000458551
=005  20211030064442.7
=008  191128s2019    pl            |0000 pol   
=009  9911286066305606
=015  \\$aPrasa 2019/11/28
=035  \\$a(PL)b1000000458551
=040  \\$aGD W$cGD W$dWA N
=045  0\$bd2019
=046  \\$k2019
=100  1\$aNowacka-Isaksson, Anna$eAutor
=245  10$aLiteracki Nobel z polityką w tle /$cAnna Nowacka-Isaksson.
=260  \\$c28 XI 2019.
=336  \\$aTekst$btxt$2rdacontent
=337  \\$aBez urządzenia pośredniczącego$bn$2rdamedia
=338  \\$aWolumin$bnc$2rdacarrier
=380  \\$aArtykuły
=388  1\$a2001-
=600  17$aHandke, Peter$d(1942- )$2DBN
=648  \7$a2001-$2DBN
=650  \7$aLaureaci$2DBN
=650  \7$aLiteracka Nagroda Nobla$2DBN
=650  \7$aLiteratura austriacka$2DBN
=650  \7$aLiteratura polska$2DBN
=651  \7$aPolska$2DBN
=655  \7$aArtykuł publicystyczny$2DBN
=658  \\$aHistoria
=773  0\$iW:$tRzeczpospolita (Wyd. zasadnicze).$x0208-9130.$g2019, nr 277, s. A8$w(PL)b0000001472831
=915  \\$aPrasa 2019/11/28
=916  \\$aNowacka-Isaksson, Anna   
=945  0\$b2019
=946  \\$k2019
=951  \7$aPolska$2DBN
=955  \7$aArtykuł publicystyczny$2DBN
=958  \\$aHistoria
=980  \\$aArtykuły
=999  \\$aGD W$bim
  
