=LDR  01755naa a2200541 i 4500
=001  b1000000464462
=005  20211030064346.2
=008  191205s2019    pl           |000 0 pol  
=009  9911288759205606
=015  \\$aPrasa 2019/12/05
=035  \\$a(PL)b1000000464462
=040  \\$aWA N$cWA N$dWA N
=045  0\$bd2019
=046  \\$k2019
=100  1\$aSzostak, Natalia$c(dziennikarz)$eAutor
=245  10$aCo czeka Olgę Tokarczuk w Sztokholmie :$brozpoczyna się tydzień noblowski /$cNatalia Szostak.
=260  \\$c5 XII 2019.
=336  \\$aTekst$btxt$2rdacontent
=337  \\$aBez urządzenia pośredniczącego$bn$2rdamedia
=338  \\$aWolumin$bnc$2rdacarrier
=380  \\$aArtykuły
=388  1\$a2001-
=520  8\$aUroczystość wręczenia nagród Nobla za 2019 rok.
=600  17$aTokarczuk, Olga$d(1962- )$2DBN
=648  \7$a2001-$2DBN
=650  \7$aLaureaci$2DBN
=650  \7$aLiteracka Nagroda Nobla$2DBN
=650  \7$aLiteratura polska$2DBN
=651  \7$aSztokholm (Szwecja)$2DBN
=655  \7$aArtykuł publicystyczny$2DBN
=658  \\$aHistoria
=773  0\$iW:$tGazeta Wyborcza (Wyd. zasadnicze).$x0860-908X.$g2019, nr 283, s. 14$w(PL)b0000001301576
=915  \\$aPrasa 2019/12/05
=916  \\$aSzostak, Natalia  (dziennikarz). 
=945  0\$b2019
=946  \\$k2019
=951  \7$aSztokholm (Szwecja)$2DBN
=955  \7$aArtykuł publicystyczny$2DBN
=958  \\$aHistoria
=980  \\$aArtykuły
=999  \\$aBNzkdprasa$brew
  
