=LDR  01811naa a2200553 i 4500
=001  b1000000464569
=005  20220326163028.0
=008  191205s2019    pl           |000 0 pol  
=009  9911288756705606
=015  \\$aPrasa 2019/12/05
=035  \\$a(PL)b1000000464569
=040  \\$aWA N$cWA N$dWA N
=045  2\$bd2001$bd2019
=046  \\$k2019
=100  1\$aSwahn, Jan Henrik$d(1959- )$eWywiad
=245  10$aTo on pomógł Oldze Tokarczuk dostać Nobla :$brozmowa z tłumaczem książek noblistki /$cJan Henrik Swahn ; [rozmawiała] Natalia Szostak.
=260  \\$c5 XII 2019.
=336  \\$aTekst$btxt$2rdacontent
=337  \\$aBez urządzenia pośredniczącego$bn$2rdamedia
=338  \\$aWolumin$bnc$2rdacarrier
=380  \\$aArtykuły
=388  1\$a2001-
=600  17$aSwahn, Jan Henrik$d(1959- )$2DBN
=648  \7$a2001-$2DBN
=650  \7$aLiteratura polska
=650  \7$aPisarze polscy$2DBN
=651  \7$aSzwecja$2DBN
=655  \7$aArtykuł z gazety$2DBN
=658  \\$aHistoria
=700  1\$aSzostak, Natalia$c(dziennikarz)$eWywiad
=773  0\$iW:$tGazeta Wyborcza (Wyd. zasadnicze).$x0860-908X.$g2019, nr 283, s. 15$w(PL)b0000001301576
=915  \\$aPrasa 2019/12/05
=916  \\$aSwahn, Jan Henrik   (1959- )
=918  1\$aSzostak, Natalia$c(dziennikarz)
=945  2\$b2001$b2019
=946  \\$k2019
=951  \7$aSzwecja$2DBN
=955  \7$aArtykuł z gazety$2DBN
=958  \\$aHistoria
=980  \\$aArtykuły
=999  \\$aBNzkdprasa$brew
  
