=LDR  01723naa a2200541 i 4500
=001  b1000000465241
=005  20211030064500.8
=008  191206s2019    pl            |0000 pol c
=009  9911293664305606
=015  \\$aPrasa 2019/12/06
=035  \\$a(PL)b1000000465241
=040  \\$aWA N$cWA N$dWA N
=045  0\$bd2019
=046  \\$k2019
=100  1\$aDehnel, Jacek$d(1980- )$eAutor
=245  10$aTokarczukożercy :$bdlaczego prawica atakuje noblistkę /$cJacek Dehnel.
=260  \\$c6 XII 2019.
=336  \\$aTekst$btxt$2rdacontent
=337  \\$aBez urządzenia pośredniczącego$bn$2rdamedia
=338  \\$aWolumin$bnc$2rdacarrier
=380  \\$aArtykuły
=388  1\$a2001-
=600  17$aTokarczuk, Olga$d(1962- )$2DBN
=648  \7$a2001-$2DBN
=650  \7$aLaureaci$2DBN
=650  \7$aLiteracka Nagroda Nobla$2DBN
=650  \7$aPisarze polscy$2DBN
=650  \7$aPrawica (politologia)$2DBN
=651  \7$aPolska$2DBN
=655  \7$aArtykuł z gazety$2DBN
=658  \\$aMedia i komunikacja społeczna
=773  0\$iW:$tGazeta Wyborcza (Wyd. zasadnicze).$x0860-908X.$g2019, nr 284, s. 20-21$w(PL)b0000001301576
=915  \\$aPrasa 2019/12/06
=916  \\$aDehnel, Jacek   (1980- )
=945  0\$b2019
=946  \\$k2019
=951  \7$aPolska$2DBN
=955  \7$aArtykuł z gazety$2DBN
=958  \\$aMedia i komunikacja społeczna
=980  \\$aArtykuły
=999  \\$aBNzkdprasa$bjkr
  
