=LDR  01712naa a2200481 i 4500
=001  b1000000466340
=005  20211030063922.1
=008  191209s2019    pl           |000 0 pol  
=009  9911296766805606
=015  \\$aPrasa 2019/12/09
=035  \\$a(PL)b1000000466340
=040  \\$aWA N$cWA N$dWA N
=045  0\$bd2014
=046  \\$k2019
=100  1\$aLubczyński, Krzysztof$d(1957- )$eAutor
=245  10$aOpus magnum Olgi Tokarczuk :$bSztokholm, 10 grudnia 2019. /$cKrzysztof Lubczyński.
=260  \\$c9-10 XII 2019.
=336  \\$aTekst$btxt$2rdacontent
=337  \\$aBez urządzenia pośredniczącego$bn$2rdamedia
=338  \\$aWolumin$bnc$2rdacarrier
=380  \\$aArtykuły
=388  1\$a2001-
=600  17$aTokarczuk, Olga$d(1962- ).$tKsięgi Jakubowe albo Wielka podróż przez siedem granic, pięć języków i trzy duże religie, nie licząc tych małych$2DBN
=648  \7$a2001-$2DBN
=650  \7$aLiteratura polska$2DBN
=655  \7$aArtykuł publicystyczny$2DBN
=655  \7$aArtykuł z czasopisma społeczno-politycznego$2DBN
=658  \\$aLiteraturoznawstwo
=773  0\$iW:$tDziennik Trybuna.$x2300-3197.$g2019, nr 244/245, s. 3$w(PL)b0000002890472
=915  \\$aPrasa 2019/12/09
=916  \\$aLubczyński, Krzysztof   (1957- ).
=945  0\$b2014
=946  \\$k2019
=955  \7$aArtykuł publicystyczny$2DBN
=955  \7$aArtykuł z czasopisma społeczno-politycznego$2DBN
=958  \\$aLiteraturoznawstwo
=980  \\$aArtykuły
=999  \\$aBNzkdprasa$brew
  
