=LDR  01937naa a2200553 i 4500
=001  b1000000466559
=005  20211030063844.8
=008  191209s2019    pl           |000 0 pol c
=009  9911296956505606
=015  \\$aPrasa 2019/12/09
=035  \\$a(PL)b1000000466559
=040  \\$aWA N$cWA N$dWA N
=045  2\$bd1905$bd2019
=046  \\$k2019
=100  1\$aMaciejewska, Beata$eAutor
=245  10$aNoblowska runda honorowa :$bprzed Olgą Tokarczuk literackiego Nobla odebrało czworo Polaków /$cBeata Maciejewska.
=246  30$aPrzed Olgą Tokarczuk literackiego Nobla odebrało czworo Polaków
=260  \\$c9 XII 2019.
=336  \\$aTekst$btxt$2rdacontent
=337  \\$aBez urządzenia pośredniczącego$bn$2rdamedia
=338  \\$aWolumin$bnc$2rdacarrier
=380  \\$aArtykuły
=388  1\$a2001-
=600  17$aMiłosz, Czesław$d(1911-2004)$2DBN
=600  17$aReymont, Władysław Stanisław$d(1867-1925)$2DBN
=600  17$aSienkiewicz, Henryk$d(1846-1916)$2DBN
=600  17$aSzymborska, Wisława$d(1923-2012)$2DBN
=648  \7$a1901-2000$2DBN
=650  \7$aLiteracka Nagroda Nobla$2DBN
=650  \7$aNagroda Nobla$2DBN
=650  \7$aLaureaci$2DBN
=655  \7$aArtykuł publicystyczny$2DBN
=658  \\$aLiteraturoznawstwo
=773  0\$iW:$tAle Historia : tygodnik historyczny.$x2084-3801.$g2019, nr 48, s. 2-4$w(PL)b0000002703708
=915  \\$aPrasa 2019/12/09
=916  \\$aMaciejewska, Beata   
=945  2\$b1905$b2019
=946  \\$k2019
=955  \7$aArtykuł publicystyczny$2DBN
=958  \\$aLiteraturoznawstwo
=980  \\$aArtykuły
=999  \\$aBNzkdprasa$bmp
  
