=LDR  01931naa a2200625 i 4500
=001  b1000000466617
=005  20211030063458.7
=008  191209s2019    pl            |0000 pol c 
=009  9911296758705606
=015  \\$aPrasa 2019/12/09
=035  \\$a(PL)b1000000466617
=040  \\$aGD W$cGD W$dWA N
=045  2\$bd1980$bd2019
=046  \\$k2019
=100  1\$aSwahn, Jan Henrik$d(1959- )$eWywiad
=245  10$a"Księgi Jakubowe" pod drzewem oliwnym /$cJan Henrik Swahn ; rozmawiał Marcin Kube.
=260  \\$a7-8 XII 2019.
=336  \\$aTekst$btxt$2rdacontent
=337  \\$aBez urządzenia pośredniczącego$bn$2rdamedia
=338  \\$aWolumin$bnc$2rdacarrier
=380  \\$aArtykuły
=388  1\$a2001-
=600  17$aSwahn, Jan Henrik$d(1959- )$2DBN
=648  \7$a1901-2000$2DBN
=648  \7$a1945-1989$2DBN
=648  \7$a1989-2000$2DBN
=650  \7$aLiteratura$2DBN
=650  \7$aLiteratura polska$2DBN
=650  \7$aLiteratura szwedzka$2DBN
=650  \7$aPisarze polscy$2DBN
=650  \7$aPisarze szwedzcy$2DBN
=651  \7$aSzwecja$2DBN
=655  \7$aArtykuł z gazety$2DBN
=658  \\$aHistoria
=700  1\$aKube, Marcin$eWywiad
=773  0\$iW:$tRzeczpospolita (Wyd. zasadnicze).$x0208-9130.$g2019, nr 285, s. 20-21$w(PL)b0000001472831
=915  \\$aPrasa 2019/12/09
=916  \\$aSwahn, Jan Henrik   (1959- ).
=918  1\$aKube, Marcin.
=945  2\$b1980$b2019
=946  \\$k2019
=951  \7$aSzwecja$2DBN
=955  \7$aArtykuł z gazety$2DBN
=958  \\$aHistoria
=980  \\$aArtykuły
=999  \\$abzczp$bGD W ij
  
