=LDR  01783naa a2200553 i 4500
=001  b1000000467254
=005  20211030064136.9
=008  191210s2019    pl            |0000 pol c
=009  9911296742705606
=015  \\$aPrasa 2019/12/10
=035  \\$a(PL)b1000000467254
=040  \\$aWA N$cWA N$dWA N
=045  0\$bd2019
=046  \\$k2019
=100  1\$aSzostak, Natalia$c(dziennikarz)$eAutor
=245  10$aNajpierw medal, potem bal :$bLiteracki Nobel /$cNatalia Szostak.
=246  30$aLiteracki Nobel
=260  \\$c10 XII 2019.
=336  \\$aTekst$btxt$2rdacontent
=337  \\$aBez urządzenia pośredniczącego$bn$2rdamedia
=338  \\$aWolumin$bnc$2rdacarrier
=380  \\$aArtykuły
=388  1\$a2001-
=500  \\$aKorespondencja za Sztokholmu.
=600  17$aTokarczuk, Olga$d(1962- )$2DBN
=648  \7$a2001-$2DBN
=650  \7$aLaureaci$2DBN
=650  \7$aLiteracka Nagroda Nobla$2DBN
=650  \7$aPisarze polscy$2DBN
=651  \7$aSztokholm (Szwecja)$2DBN
=655  \7$aArtykuł publicystyczny$2DBN
=658  \\$aLiteraturoznawstwo
=773  0\$iW:$tGazeta Wyborcza (Wyd. zasadnicze).$x0860-908X.$g2019, nr 287, s. 4$w(PL)b0000001301576
=915  \\$aPrasa 2019/12/10
=916  \\$aSzostak, Natalia  (dziennikarz). 
=945  0\$b2019
=946  \\$k2019
=951  \7$aSztokholm (Szwecja)$2DBN
=955  \7$aArtykuł publicystyczny$2DBN
=958  \\$aLiteraturoznawstwo
=980  \\$aArtykuły
=999  \\$aBNzkdprasa$bjkr
  
