=LDR  01894naa a2200553 i 4500
=001  b1000000467266
=005  20211030064638.5
=008  191210s2019    pl            |000s pol c
=009  9911296741905606
=015  \\$aPrasa 2019/12/10
=035  \\$a(PL)b1000000467266
=040  \\$aWA N$cWA N$dWA N
=045  2\$bd1968$bd2019
=046  \\$k2019
=100  1\$aTokarczuk, Olga$d(1962- )$eAutor
=245  10$aTokarczuk: Wrocław to otwartość, odwaga i pogoda ducha /$cOlga Tokarczuk.
=246  30$aWrocław to otwartość, odwaga i pogoda ducha
=260  \\$c10 XII 2019.
=336  \\$aTekst$btxt$2rdacontent
=337  \\$aBez urządzenia pośredniczącego$bn$2rdamedia
=338  \\$aWolumin$bnc$2rdacarrier
=380  \\$aArtykuły
=388  1\$a2001-
=520  8\$aPrzemówienie wygłoszone w czasie nadania autorce tytułu Honorowego Obywatela Wrocławia, w czerwcu 2019 r.
=600  17$aTokarczuk, Olga$d(1962- )$2DBN
=648  \7$a1901-2000$2DBN
=648  \7$a1945-1989$2DBN
=648  \7$a1989-2000$2DBN
=650  \7$aHonorowi obywatele$2DBN
=650  \7$aMiasta$2DBN
=651  \7$aWrocław (woj. dolnośląskie)$2DBN
=655  \7$aArtykuł z gazety$2DBN
=658  \\$aPolityka, politologia, administracja publiczna
=773  0\$iW:$tGazeta Wyborcza (Wyd. zasadnicze).$x0860-908X.$g2019, nr 287, s. 6$w(PL)b0000001301576
=915  \\$aPrasa 2019/12/10
=916  \\$aTokarczuk, Olga   (1962- ).
=945  2\$b1968$b2019
=946  \\$k2019
=951  \7$aWrocław (woj. dolnośląskie)$2DBN
=955  \7$aArtykuł z gazety$2DBN
=958  \\$aPolityka, politologia, administracja publiczna
=980  \\$aArtykuły
=999  \\$aBNzkdprasa$bjkr
  
