=LDR  02100naa a2200625 i 4500
=001  b1000000467340
=005  20211030063941.3
=008  191210s2018    pl           |000 0 pol c
=009  9911296635905606
=035  \\$a(OCoLC)1199648658
=040  \\$aWA N$cWA N$dWA N
=041  0\$apol$beng$brus
=045  2\$bd1901$bd2018
=046  \\$k2018
=080  \\$81.1\x$a821.162.1(091)(045/046)
=100  1\$aWaląg, Ewelina$d(1981- )$eAutor
=245  10$aKossak, Tokarczuk, Colette :$bw poszukiwaniu ciała i języka zwierząt /$cEwelina Waląg ; Uniwersytet im Adama Mickiewicza.
=260  \\$c2018.
=336  \\$aTekst$btxt$2rdacontent
=337  \\$aBez urządzenia pośredniczącego$bn$2rdamedia
=338  \\$aWolumin$bnc$2rdacarrier
=380  \\$aArtykuły
=388  1\$a2001-
=546  \\$aStreszczenie w języku angielskim, rosyjskim.
=600  17$aColette$d(1873-1954)$2DBN
=600  17$aKossak, Simona$d(1943-2007)$2DBN
=648  \7$a1901-2000$2DBN
=650  \7$aAnimal studies$2DBN
=650  \7$aLiteratura francuska$2DBN
=650  \7$aLiteratura polska$2DBN
=650  \7$aTematy i motywy$2DBN
=655  \7$aArtykuł problemowy$2DBN
=658  \\$aLiteraturoznawstwo
=710  2\$aUniwersytet im. Adama Mickiewicza (Poznań)$4oth
=773  0\$iW:$tZwierzę, język, emocje: dyskursy i narracje$gs. 169-177$w(PL)b1000000358905
=916  \\$aWaląg, Ewelina   (1981- )
=921  2\$aUniwersytet im. Adama Mickiewicza (Poznań)
=931  \\$a821.162.1(091)(045/046)
=935  \\$avtls000877030$9LOCAL$z48OMNIS_KUL
=945  2\$b1901$b2018
=946  \\$k2018
=955  \7$aArtykuł problemowy$2DBN
=958  \\$aLiteraturoznawstwo
=980  \\$aArtykuły
=999  \\$aBNzkdroz$brs
  
