=LDR  02221naa a2200625 i 4500
=001  b1000000468146
=005  20211030063708.5
=008  191211s2019    pl           |000 0 pol c
=009  9911296883005606
=015  \\$aPrasa 2019/12/11
=035  \\$a(PL)b1000000468146
=040  \\$aZGÓRA M$cZGÓRA M$dWA N
=045  2\$bd1960$bd2019
=046  \\$k2019
=100  1\$aDachówna, Regina$eAutor
=245  10$aRodzinnie z noblistką :$bOlga Tokarczuk po prostu jest nasza - mówią w Zielonej Górze i Klenicy /$cRegina Dachówna.
=246  30$aOlga Tokarczuk po prostu jest nasza - mówią w Zielonej Górze i Klenicy
=260  \\$c9-15 XII 2019.
=336  \\$aTekst$btxt$2rdacontent
=337  \\$aBez urządzenia pośredniczącego$bn$2rdamedia
=338  \\$aWolumin$bnc$2rdacarrier
=380  \\$aArtykuły
=388  1\$a2001-
=600  17$aTokarczuk, Olga$d(1962- )$2DBN
=610  27$aZespół Ludowy "Kleniczanie" (Klenica)$2DBN
=648  \7$a1901-2000$2DBN
=648  \7$a1945-1989$2DBN
=648  \7$a1989-2000$2DBN
=650  \7$aLiteracka Nagroda Nobla$2DBN
=650  \7$aLiteratura polska$2DBN
=650  \7$aPisarze polscy$2DBN
=650  \7$aRelacje międzyludzkie$2DBN
=650  \7$aRodzina$2DBN
=651  \7$aKlenica (woj. lubuskie, pow. zielonogórski, gm. Bojadła)$2DBN
=655  \7$aArtykuł publicystyczny$2DBN
=658  \\$aLiteraturoznawstwo
=773  0\$iW:$tPrzegląd (Warszawa ; 1999).$x1509-3115.$g2019, nr 50, s. 8-11$w(PL)b0000001346565
=915  \\$aPrasa 2019/12/11
=916  \\$aDachówna, Regina.   
=945  2\$b1960$b2019
=946  \\$k2019
=951  \7$aKlenica (woj. lubuskie, pow. zielonogórski, gm. Bojadła)$2DBN
=955  \7$aArtykuł publicystyczny$2DBN
=958  \\$aLiteraturoznawstwo
=980  \\$aArtykuły
=999  \\$aZGÓRA M$bUM
  
