=LDR  01919naa a2200589 i 4500
=001  b1000000468150
=005  20211030063537.3
=008  191211s2019    pl            |0000 pol c
=009  9911296712305606
=015  \\$aPrasa 2019/12/11
=035  \\$a(PL)b1000000468150
=040  \\$aWA N$cWA N$dWA N
=045  0\$bd2019
=046  \\$k2019
=245  00$aPolska literatura opromienia Europę :$bLiteracki Nobel /$cEmilia Dłużewska, Natalia Szostak.
=246  30$aLiteracki Nobel
=260  \\$c11 XII 2019.
=336  \\$aTekst$btxt$2rdacontent
=337  \\$aBez urządzenia pośredniczącego$bn$2rdamedia
=338  \\$aWolumin$bnc$2rdacarrier
=380  \\$aArtykuły
=388  1\$a2001-
=520  8\$aCeremonia wręczenia nagrody.
=600  17$aTokarczuk, Olga$d(1962- )$2DBN
=648  \7$a2001-$2DBN
=650  \7$aLaureaci$2DBN
=650  \7$aLiteracka Nagroda Nobla$2DBN
=650  \7$aMowy$2DBN
=650  \7$aPisarze polscy$2DBN
=651  \7$aSztokholm (Szwecja)$2DBN
=655  \7$aArtykuł publicystyczny$2DBN
=658  \\$aLiteraturoznawstwo
=700  1\$aDłużewska, Emilia$eAutor
=773  0\$iW:$tGazeta Wyborcza (Wyd. zasadnicze).$x0860-908X.$g2019, nr 288, s. 4$w(PL)b0000001301576
=915  \\$aPrasa 2019/12/11
=918  1\$aDłużewska, Emilia.
=945  0\$b2019
=946  \\$k2019
=951  \7$aSztokholm (Szwecja)$2DBN
=955  \7$aArtykuł publicystyczny$2DBN
=958  \\$aLiteraturoznawstwo
=980  \\$aArtykuły
=999  \\$aBNzkdprasa$bjkr
  
