=LDR  01816naa a2200529 i 4500
=001  b1000000468368
=005  20211030063922.1
=008  191211s201     pl            000 0 pol c
=009  9911296813305606
=015  \\$aBRWŚ 2019
=035  \\$a(PL)b1000000468368
=040  \\$aKIEL W$cKIEL W$dKIEL W
=045  0\$bd2019
=046  \\$k2019
=100  1\$aDereszyński, Tomasz$eAutor
=245  10$aUroczyście z rozmachem Olga Tokarczuk już z Literackim Noblem /$cTomasz Dereszyński.
=260  \\$c11 XII 2019 .
=336  \\$aTekst$btxt$2rdacontent
=337  \\$aBez urządzenia pośredniczącego$bn$2rdamedia
=338  \\$aWolumin$bnc$2rdacarrier
=380  \\$aArtykuły
=388  1\$a2001-
=600  17$aTokarczuk, Olga$d(1962- )$2DBN
=648  \7$a2001-$2DBN
=650  \7$aLiteracka Nagroda Nobla$2DBN
=650  \7$aNagroda Nobla$2DBN
=651  \7$aZagrody (woj. świętokrzyskie, pow. staszowski, gm. Staszów)$2DBN
=655  \7$aArtykuł publicystyczny$2DBN
=655  \7$aArtykuł z czasopisma regionalnego i lokalnego$2DBN
=658  \\$aLiteraturoznawstwo
=693  \\$a13.01.03$eTokarczuk, Olga (1962- )$9local$z48OMNIS_RPL
=773  0\$iW:$tEch Dnia (Kiel).$x0137-902X.$g2019, nr 286, s.12
=915  \\$aBRWŚ 2019
=916  \\$aDereszyński, Tomasz   
=945  0\$b2019
=946  \\$k2019
=951  \7$aZagrody (woj. świętokrzyskie, pow. staszowski, gm. Staszów)$2DBN
=955  \7$aArtykuł publicystyczny$2DBN
=955  \7$aArtykuł z czasopisma regionalnego i lokalnego$2DBN
=958  \\$aLiteraturoznawstwo
=980  \\$aArtykuły
=999  \\$aWBPK$bkc
  
