=LDR  01763naa a2200553 i 4500
=001  b1000000468445
=005  20211030064404.3
=008  191211s2019    pl            |0000 pol c 
=009  9911296701405606
=015  \\$aPrasa 2019/12/11
=035  \\$a(PL)b1000000468445
=040  \\$aGD W$cGD W$dWA N
=045  0\$bd2019
=046  \\$k2019
=100  1\$aNizinkiewicz, Jacek$eAutor
=245  10$aKomu przeszkadza Olga Tokarczuk /$cJacek Nizinkiewicz.
=260  \\$c11 XII 2019.
=336  \\$aTekst$btxt$2rdacontent
=337  \\$aBez urządzenia pośredniczącego$bn$2rdamedia
=338  \\$aWolumin$bnc$2rdacarrier
=380  \\$aArtykuły
=388  1\$a2001-
=600  17$aTokarczuk, Olga$d(1962- )$2DBN
=610  27$aPrawo i Sprawiedliwość (PiS)$2DBN
=648  \7$a2001-$2DBN
=650  \7$aLiteracka Nagroda Nobla$2DBN
=650  \7$aNagroda Nobla$2DBN
=650  \7$aPisarze polscy$2DBN
=650  \7$aPolityka$2DBN
=651  \7$aPolska$2DBN
=655  \7$aArtykuł publicystyczny$2DBN
=658  \\$aLiteraturoznawstwo
=773  0\$iW:$tRzeczpospolita (Wyd. zasadnicze).$x0208-9130.$g2019, nr 288, s. A8$w(PL)b0000001472831
=915  \\$aPrasa 2019/12/11
=916  \\$aNizinkiewicz, Jacek   
=945  0\$b2019
=946  \\$k2019
=951  \7$aPolska$2DBN
=955  \7$aArtykuł publicystyczny$2DBN
=958  \\$aLiteraturoznawstwo
=980  \\$aArtykuły
=999  \\$abzczp$bGD W ij
  
