=LDR  01993naa a2200613 i 4500
=001  b1000000471589
=005  20211030064735.1
=008  191216s2019    pl            000 0 pol c
=009  9911298643605606
=015  \\$aPrasa 2019/12/16
=035  \\$a(PL)b1000000471589
=040  \\$aWA N$cWA N$dWA N
=045  2\$bd2017$bd 2019
=046  \\$k2019
=100  1\$aNogaś, Michał$d(1978- )$eAutor
=245  10$aOd maleńkiej książki do wielkiej mowy :$bdzieło sztuki Olgi Tokarczuk i Joanny Concejo /$cMichał Nogaś.
=246  30$aDzieło sztuki Olgi Tokarczuk i Joanny Concejo
=260  \\$c16 XII 2019.
=336  \\$aTekst$btxt$2rdacontent
=337  \\$aBez urządzenia pośredniczącego$bn$2rdamedia
=338  \\$aWolumin$bnc$2rdacarrier
=380  \\$aArtykuły
=388  1\$a2001-
=600  17$aConcejo, Joanna$d(1971- )$2DBN
=600  17$aTokarczuk, Olga$d(1962- )$2DBN
=648  \7$a2001-$2DBN
=650  \7$aKsiążka artystyczna$2DBN
=650  \7$aLiteratura polska$2DBN
=650  \7$aOpowiadania i nowele$2DBN
=651  \7$aPolska$2DBN
=655  \7$aIlustracje$2DBN
=655  \7$aArtykuł publicystyczny$2DBN
=658  \\$aHistoria
=658  \\$aKultura i sztuka
=773  0\$iW:$tGazeta Wyborcza (Wyd. zasadnicze).$x0860-908X.$g2019, nr 292, s. 14-15$w(PL)b0000001301576
=915  \\$aPrasa 2019/12/16
=916  \\$aNogaś, Michał   (1978- )
=945  2\$b2017$b 2019
=946  \\$k2019
=951  \7$aPolska$2DBN
=955  \7$aIlustracje$2DBN
=955  \7$aArtykuł publicystyczny$2DBN
=958  \\$aHistoria
=958  \\$aKultura i sztuka
=980  \\$aArtykuły
=999  \\$aBNzkdprasa$bmp
  
