=LDR  01694naa a2200553 i 4500
=001  b1000000472189
=005  20221224142252.2
=008  191217s2019    pl            000 0 pol  
=009  9911299565505606
=015  \\$aPrasa 2019/12/17
=035  \\$a(PL)b1000000472189
=040  \\$aBPTOR$cBPTOR$dWA N
=045  2\$bd1960$bd2019
=046  \\$k2019
=100  1\$aTomczuk, Jacek$eAutor
=245  10$aHipiska /$cJacek Tomczuk.
=260  \\$c9 - 15 XII 2019.
=336  \\$aTekst$btxt$2rdacontent
=337  \\$aBez urządzenia pośredniczącego$bn$2rdamedia
=338  \\$aWolumin$bnc$2rdacarrier
=380  \\$aArtykuły
=388  1\$a2001-
=600  17$aTokarczuk, Olga$d(1962- )$2DBN
=648  \7$a1901-2000$2DBN
=648  \7$a1945-1989$2DBN
=648  \7$a1989-2000$2DBN
=650  \7$aLiteracka Nagroda Nobla$2DBN
=651  \7$aPolska$2DBN
=655  \7$aArtykuł publicystyczny$2DBN
=658  \\$aLiteraturoznawstwo$2DBN
=773  0\$iW:$tNewsweek Polska.$x1642-5685.$g2019, nr 50, s. 16-20$w(PL)b0000001458514
=915  \\$aPrasa 2019/12/17
=916  \\$aTomczuk, Jacek   
=945  2\$b1960$b2019
=946  \\$k2019
=951  \7$aPolska$2DBN
=953  \\$a285023$9LOCAL$z48OMNIS_ZAM
=955  \7$aArtykuł publicystyczny$2DBN
=958  \\$aLiteraturoznawstwo$2DBN
=963  \\$aZAM_1$9LOCAL$z48OMNIS_ZAM
=980  \\$aArtykuły
=991  \\$aCzyt. czasop.$9LOCAL$z48OMNIS_ZAM
=999  \\$aBPTOR$baw
  
