=LDR  02377naa a2200649 i 4500
=001  b1000000473534
=005  20220922135502.6
=008  191218s2018    pl            000 0 eng c 
=009  9911300664905606
=015  \\$aBZCz 2019/39257
=024  7\$a10.4467/23531991KK.18.049.10591$2doi
=035  \\$a(OCoLC)1241580110
=040  \\$aWA N$cWA N$dWA N
=045  2\$bd2007$bd2018
=046  \\$k2018
=080  \\$a821.162.1(091)(045/046)
=100  1\$aMazurczak, Filip$d(1988- )$eAutor
=245  14$aThe reception of Olga Tokarczuk's "Flights" in the English language press /$cFilip Mazurczak (Uniwersytet Jagielloński).
=260  \\$c2018.
=336  \\$aTekst$btxt$2rdacontent
=337  \\$aBez urządzenia pośredniczącego$bn$2rdamedia
=338  \\$aWolumin$bnc$2rdacarrier
=380  \\$aArtykuły
=388  1\$a2001-
=504  \\$aBibliografia, netografia na stronach 556-557.
=600  17$aTokarczuk, Olga$d(1962- ).$tBieguni$2DBN
=648  \7$a2001-$2DBN
=650  \7$aKrytyka literacka$2DBN
=650  \7$aLiteratura polska$2DBN
=650  \7$aPowieść$2DBN
=651  \7$aStany Zjednoczone (USA)$2DBN
=655  \7$aArtykuł przeglądowy$2DBN
=655  \7$aArtykuł z czasopisma filologicznego$2DBN
=658  \\$aLiteraturoznawstwo
=710  2\$aUniwersytet Jagielloński$4oth
=773  0\$iW:$tKonteksty Kultury.$x2083-7658$g[Nr] 15, z. 4 (2018), s. 551-557$w(PL)b0000002628149
=915  \\$aBZCz 2019/39257
=916  \\$aMazurczak, Filip   (1988- )
=921  2\$aUniwersytet Jagielloński
=931  \\$a821.162.1(091)(045/046)
=945  2\$b2007$b2018
=946  \\$k2018
=950  \\$uhttps://eu05.alma.exlibrisgroup.com/view/uresolver/48OMNIS_NETWORK/openurl?u.ignore_date_coverage=true&portfolio_pid=53672124850005066&Force_direct=true$zZobacz w Polonie$853672124850005066
=951  \7$aStany Zjednoczone (USA)$2DBN
=955  \7$aArtykuł przeglądowy$2DBN
=955  \7$aArtykuł z czasopisma filologicznego$2DBN
=958  \\$aLiteraturoznawstwo
=980  \\$aArtykuły
=999  \\$aBNzkdbzcz$bab$x12$y2019
  
