=LDR  01626naa a2200517 i 4500
=001  b1000000473610
=005  20211030064638.5
=008  191218s2019    pl            |0000 pol   
=009  9911300440305606
=015  \\$aPrasa 2019/12/18
=035  \\$a(PL)b1000000473610
=040  \\$aGD W$cGD W$dWA N
=045  0\$bd2019
=046  \\$k2019
=100  1\$aMazurkiewicz, Piotr$c(dziennikarz)$eAutor
=245  10$aTokarczuk rozbiła bank, windując sprzedaż książek /$cPiotr Mazurkiewicz.
=260  \\$c18 XII 2019.
=336  \\$aTekst$btxt$2rdacontent
=337  \\$aBez urządzenia pośredniczącego$bn$2rdamedia
=338  \\$aWolumin$bnc$2rdacarrier
=380  \\$aArtykuły
=388  1\$a2001-
=600  17$aTokarczuk, Olga$d(1962- )$2DBN
=648  \7$a2001-$2DBN
=650  \7$aCzytelnictwo$2DBN
=650  \7$aHandel$2DBN
=651  \7$aPolska$2DBN
=655  \7$aArtykuł publicystyczny$2DBN
=658  \\$aGospodarka, ekonomia, finanse
=773  0\$iW:$tRzeczpospolita (Wyd. zasadnicze).$x0208-9130.$g2019, nr 294, s. A17$w(PL)b0000001472831
=915  \\$aPrasa 2019/12/18
=916  \\$aMazurkiewicz, Piotr  (dziennikarz) 
=945  0\$b2019
=946  \\$k2019
=951  \7$aPolska$2DBN
=955  \7$aArtykuł publicystyczny$2DBN
=958  \\$aGospodarka, ekonomia, finanse
=980  \\$aArtykuły
=999  \\$aGD W$bim
  
