=LDR  01985naa a2200505 i 4500
=001  b1000000476569
=005  20211030064346.2
=008  191227s2019    pl            000 0 pol c
=009  9911302053305606
=015  \\$aPrasa 2019/12/27
=035  \\$a(OCoLC)1150727657
=040  \\$aWA M$cWA M$dWA N
=045  0\$bd2019
=046  \\$k2019
=100  1\$aMasłoń, Krzysztof$d(1953- )$eAutor
=245  10$aJest już lepiej :$bNobel dla Olgi Tokarczuk : Olga Tokarczuk laureatką Literackiej Nagrody Nobla! Po Henryku Sienkiewiczu, Władysławie Reymoncie, Czesławie Miłoszu i Wisławie Szymborskiej jest to piąty Nobel dla literatury polskiej, co sprawia, że możemy się poczuć potęgą w tej dziedzinie, bo mimo że ranga tego wyróżnienia ostatnimi laty zmalała, to jednak ze swoją ponadstuletnią tradycją pozostaje najważniejsze na świecie /$cKrzysztof Masłoń.
=260  \\$c14-20 X 2019.
=336  \\$aTekst$btxt$2rdacontent
=337  \\$aBez urządzenia pośredniczącego$bn$2rdamedia
=338  \\$aWolumin$bnc$2rdacarrier
=380  \\$aArtykuły
=388  1\$a2001-
=600  17$aTokarczuk, Olga$d(1962- )$2DBN
=648  \7$a2001-$2DBN
=650  \7$aLaureaci$2DBN
=650  \7$aLiteracka Nagroda Nobla$2DBN
=655  \7$aArtykuł publicystyczny$2DBN
=658  \\$aHistoria
=773  0\$iW:$tDo Rzeczy : tygodnik Lisickiego.$x2299-8500$g2019, nr 42, s. 38-39$w(PL)b0000002853238
=915  \\$aPrasa 2019/12/27
=916  \\$aMasłoń, Krzysztof   (1953- )
=945  0\$b2019
=946  \\$k2019
=955  \7$aArtykuł publicystyczny$2DBN
=958  \\$aHistoria
=980  \\$aArtykuły
=999  \\$aWA M$bBD
  
