=LDR  01934naa a2200553 i 4500
=001  b1000000476909
=005  20211030064556.8
=008  191230s2019    pl            000 0 pol c
=009  9911301944205606
=015  \\$aPrasa 2019/12/30
=035  \\$a(OCoLC)1150541414
=040  \\$aKR M$cKR M$dWA N
=045  0\$bd2019
=046  \\$k2019
=100  1\$aTokarczuk, Olga$d(1962- )$eWywiad
=245  10$aPostacie na wolności /$cOlga Tokarczuk, pisarka ; rozmawiał Michał Paweł Markowski.
=260  \\$c10 XI 2019.
=336  \\$aTekst$btxt$2rdacontent
=337  \\$aBez urządzenia pośredniczącego$bn$2rdamedia
=338  \\$aWolumin$bnc$2rdacarrier
=380  \\$aArtykuły
=388  1\$a2001-
=600  17$aTokarczuk, Olga$d(1962- )$2DBN
=648  \7$a2001-$2DBN
=650  \7$aLiteratura polska$2DBN
=650  \7$aPisarze polscy$2DBN
=655  \7$aArtykuł z czasopisma katolickiego$2DBN
=655  \7$aArtykuł z czasopisma kulturalnego$2DBN
=655  \7$aArtykuł z czasopisma społeczno-politycznego$2DBN
=658  \\$aLiteraturoznawstwo
=700  1\$aMarkowski, Michał Paweł$d(1962- )$eWywiad
=773  0\$iW:$tTygodnik Powszechny : katolickie pismo społeczno-kulturalne.$x0041-4808$g2019, nr 45, s. 100-104$w(PL)b0000001298071
=915  \\$aPrasa 2019/12/30
=916  \\$aTokarczuk, Olga   (1962- )
=918  1\$aMarkowski, Michał Paweł$d(1962- )
=945  0\$b2019
=946  \\$k2019
=955  \7$aArtykuł z czasopisma katolickiego$2DBN
=955  \7$aArtykuł z czasopisma kulturalnego$2DBN
=955  \7$aArtykuł z czasopisma społeczno-politycznego$2DBN
=958  \\$aLiteraturoznawstwo
=980  \\$aArtykuły
=999  \\$aKR M$bżw
  
