=LDR  02144naa a2200649 i 4500
=001  b1000000477578
=005  20211030063519.2
=008  191231s2019    pl            |0000 pol c 
=009  9911302244605606
=015  \\$aPrasa 2019/12/31
=035  \\$a(PL)b1000000477578
=040  \\$aGD W$cGD W$dWA N
=041  1\$apol$hrus
=045  2\$bd1962$bd2019
=046  \\$k2019
=100  1\$aTokarczuk, Olga$d(1962- )$eWywiad
=245  10$aOla ma Nobla /$cOlga Tokarczuk ; rozmawiała Ariadna Rokossowska.
=260  \\$c18-31 XII 2019.
=336  \\$aTekst$btxt$2rdacontent
=337  \\$aBez urządzenia pośredniczącego$bn$2rdamedia
=338  \\$aWolumin$bnc$2rdacarrier
=380  \\$aArtykuły
=388  1\$a2001-
=546  \\$aTekst tłumaczony z języka rosyjskiego.
=600  17$aTokarczuk, Olga$d(1962- )$2DBN
=648  \7$a1901-2000$2DBN
=648  \7$a1945-1989$2DBN
=648  \7$a1989-2000$2DBN
=650  \7$aLaureaci$2DBN
=650  \7$aLiteracka Nagroda Nobla$2DBN
=650  \7$aLiteratura polska$2DBN
=650  \7$aNagroda Nobla$2DBN
=655  \7$aArtykuł z czasopisma kulturalnego$2DBN
=655  \7$aArtykuł z czasopisma społeczno-politycznego$2DBN
=655  \7$aArtykuł z tygodnika opinii$2DBN
=658  \\$aHistoria
=700  1\$aRokossowska, Ariadna$d(1980- )$eWywiad
=773  0\$iW:$tForum (Warszawa ; 2015).$x2450-8284$g2019, nr 26, s. 54-57$w(PL)b0000005150091
=915  \\$aPrasa 2019/12/31
=916  \\$aTokarczuk, Olga   (1962- ).
=918  1\$aRokossowska, Ariadna$d(1980- ).
=945  2\$b1962$b2019
=946  \\$k2019
=955  \7$aArtykuł z czasopisma kulturalnego$2DBN
=955  \7$aArtykuł z czasopisma społeczno-politycznego$2DBN
=955  \7$aArtykuł z tygodnika opinii$2DBN
=958  \\$aHistoria
=980  \\$aArtykuły
=999  \\$abzczp$bGD W ij
  
