=LDR  02769naa a2200769 i 4500
=001  b1000000478499
=005  20211030064136.9
=008  200102s2019    pl            000 0 pol c
=009  9911301715005606
=015  \\$aPrasa 2019/12/16
=035  \\$a(PL)b1000000478499
=040  \\$aZAM 001$cZAM 001$dWA N
=045  2\$bd1701$bd2019
=046  \\$k2019
=100  1\$aPiński, Jan$d(1979- )$eAutor
=245  10$aPani Nikt /$cJan Piński.
=260  \\$c23 XII 2019 - 5 I 2020.
=336  \\$aTekst$btxt$2rdacontent
=337  \\$aBez urządzenia pośredniczącego$bn$2rdamedia
=338  \\$aWolumin$bnc$2rdacarrier
=380  \\$aArtykuły
=388  1\$a2001-
=600  17$aAndrzejewski, Jerzy$d(1909-1983).$tPopiół i diament$2DBN
=600  17$aBerman, Jakub$d(1901-1984)$2DBN
=600  17$aFrank, Jakub Józef$d(1726-1791)$2DBN
=600  17$aTokarczuk, Olga$d(1962- ).$tBieguni$2DBN
=600  17$aTokarczuk, Olga$d(1962- ).$tKsięgi Jakubowe albo Wielka podróż przez siedem granic, pięć języków i trzy duże religie, nie licząc tych małych$2DBN
=648  \7$a1701-1800$2DBN
=648  \7$a1801-1900$2DBN
=648  \7$a1901-2000$2DBN
=650  \7$aAntypolonizm$2DBN
=650  \7$aAntysemityzm$2DBN
=650  \7$aLiteracka Nagroda Nobla$2DBN
=650  \7$aLiteratura polska$2DBN
=650  \7$aOdszkodowania wojenne$2DBN
=650  \7$aPisarze polscy$2DBN
=650  \7$aPodziemie polityczne i zbrojne (1944-1956)$2DBN
=650  \7$aPropaganda$2DBN
=650  \7$aŚwiadomość społeczna$2DBN
=650  \7$aTematy i motywy$2DBN
=650  \7$aTożsamość osobista$2DBN
=655  \7$aArtykuł publicystyczny$2DBN
=655  \7$aArtykuł z czasopisma społeczno-politycznego$2DBN
=658  \\$aHistoria
=658  \\$aLiteraturoznawstwo
=658  \\$aPolityka, politologia, administracja publiczna
=773  0\$iW:$tNajwyższy Czas! : pismo konserwatywno-liberalne.$x0867-0366$g2019/2020, nr 1/2, s. LX-LXI$w(PL)b0000001101197
=915  \\$aPrasa 2019/12/16
=916  \\$aPiński, Jan   (1979- )
=945  2\$b1701$b2019
=946  \\$k2019
=955  \7$aArtykuł publicystyczny$2DBN
=955  \7$aArtykuł z czasopisma społeczno-politycznego$2DBN
=958  \\$aHistoria
=958  \\$aLiteraturoznawstwo
=958  \\$aPolityka, politologia, administracja publiczna
=980  \\$aArtykuły
=999  \\$aZAM 001$bAK
  
