=LDR  01735naa a2200493 i 4500
=001  b1000000478970
=005  20211030063614.1
=008  200103s2019    pl            000 0 pol c
=009  9911302003505606
=015  \\$aPrasa 2020/01/03
=035  \\$a(PL)b1000000478970
=040  \\$aWA M$cWA M$dWA N
=045  0\$bd2019
=046  \\$k2019
=100  1\$aRowiński, Tomasz$d(1981- )$eAutor
=245  10$aJak się dostaje Nobla :$bkogo lubi Akademia Noblowska : nie ma prostej drogi do Nagrody Nobla w dziedzinie literatury : jednak można wskazać okoliczności, które zdobycie tego lauru bardzo ułatwiają /$cTomasz Rowiński.
=260  \\$c21-27 X 2019.
=336  \\$aTekst$btxt$2rdacontent
=337  \\$aBez urządzenia pośredniczącego$bn$2rdamedia
=338  \\$aWolumin$bnc$2rdacarrier
=380  \\$aArtykuły
=388  1\$a2001-
=600  17$aHandke, Peter$d(1942- )$2DBN
=648  \7$a2001-$2DBN
=650  \7$aLaureaci$2DBN
=650  \7$aLiteracka Nagroda Nobla$2DBN
=650  \7$aPisarze austriaccy$2DBN
=655  \7$aArtykuł publicystyczny$2DBN
=658  \\$aLiteraturoznawstwo
=773  0\$iW:$tDo Rzeczy : tygodnik Lisickiego.$x2299-8500$g2019, nr 43, s. 36-37$w(PL)b0000002853238
=915  \\$aPrasa 2020/01/03
=916  \\$aRowiński, Tomasz   (1981- )
=945  0\$b2019
=946  \\$k2019
=955  \7$aArtykuł publicystyczny$2DBN
=958  \\$aLiteraturoznawstwo
=980  \\$aArtykuły
=999  \\$aWA M$bBD
  
