=LDR  01708naa a2200529 i 4500
=001  b1000000479321
=005  20211030064231.9
=008  200103s2020    pl            000 0 pol c
=009  9911301992405606
=015  \\$aPrasa 2020/01/03
=035  \\$a(PL)b1000000479321
=040  \\$aWA N$cWA N$dWA N
=045  2\$bd1890$bd2001
=046  \\$k2020
=100  1\$aMiłkowski, Tomasz$eAutor
=245  10$aOlga Tokarczuk czyta "Lalkę" /$cTomasz Miłkowski.
=260  \\$c3-7 I 2020.
=336  \\$aTekst$btxt$2rdacontent
=337  \\$aBez urządzenia pośredniczącego$bn$2rdamedia
=338  \\$aWolumin$bnc$2rdacarrier
=380  \\$aArtykuły
=388  1\$a2001-
=600  17$aPrus, Bolesław$d(1847-1912).$tLalka$2DBN
=648  \7$a1801-1900$2DBN
=648  \7$a1901-2000$2DBN
=650  \7$aLiteratura polska$2DBN
=650  \7$aPowieść$2DBN
=655  \7$aArtykuł publicystyczny$2DBN
=655  \7$aArtykuł z czasopisma społeczno-politycznego$2DBN
=658  \\$aLiteraturoznawstwo
=773  0\$iW:$tDziennik Trybuna.$x2300-3197$g2020, nr 1/3, s. 21$w(PL)b0000002890472
=915  \\$aPrasa 2020/01/03
=916  \\$aMiłkowski, Tomasz.   
=945  2\$b1890$b2001
=946  \\$k2020
=955  \7$aArtykuł publicystyczny$2DBN
=955  \7$aArtykuł z czasopisma społeczno-politycznego$2DBN
=958  \\$aLiteraturoznawstwo
=980  \\$aArtykuły
=999  \\$aBNzkdprasa$bmp
  
