=LDR  01577naa a2200517 i 4500
=001  b1000000479868
=005  20211030063708.5
=008  200107s2020    pl           |000 0 pol c
=009  9911303460505606
=015  \\$aPrasa 2020/01/07
=035  \\$a(PL)b1000000479868
=040  \\$aWA N$cWA N$dWA N
=045  2\$bd1997$bd2020
=046  \\$k2020
=100  1\$aNogaś, Michał$d(1978- )$eAutor
=245  10$aOlga Tokarczuk w językach świata /$cMichał Nogaś.
=260  \\$c7 I 2020.
=336  \\$aTekst$btxt$2rdacontent
=337  \\$aBez urządzenia pośredniczącego$bn$2rdamedia
=338  \\$aWolumin$bnc$2rdacarrier
=380  \\$aArtykuły
=388  1\$a2001-
=600  17$aTokarczuk, Olga$d(1962- )$2DBN
=648  \7$a1901-2000$2DBN
=648  \7$a1989-2000$2DBN
=650  \7$aLiteratura polska$2DBN
=650  \7$aPisarze polscy$2DBN
=655  \7$aArtykuł publicystyczny$2DBN
=658  \\$aHistoria
=773  0\$iW:$tGazeta Wyborcza (Wyd. zasadnicze).$x0860-908X$g2020, nr 4, s. 16$w(PL)b0000001301576
=915  \\$aPrasa 2020/01/07
=916  \\$aNogaś, Michał   (1978- ).
=945  2\$b1997$b2020
=946  \\$k2020
=955  \7$aArtykuł publicystyczny$2DBN
=958  \\$aHistoria
=980  \\$aArtykuły
=999  \\$aBNzkdprasa$brew
  
