=LDR  02238naa a2200685 i 4500
=001  b1000000479936
=005  20211030063650.4
=008  200107s2019    pl           |000 0 pol c
=009  9911303862705606
=015  \\$aBZCz 2020/4244
=035  \\$a(OCoLC)1242211201
=040  \\$aWA N$cWA N$dWA N
=045  0\$bd2019
=046  \\$k2019
=080  \\$81.1\x$a821.162.1(091)(045/046)
=100  1\$aTenderenda-Ożóg, Ewa$eAutor
=245  10$aNobel dla Tokarczuk :$bsukces artystyczny i komercyjny /$c(ET).
=246  30$aSukces artystyczny i komercyjny
=260  \\$c2019.
=336  \\$aTekst$btxt$2rdacontent
=337  \\$aBez urządzenia pośredniczącego$bn$2rdamedia
=338  \\$aWolumin$bnc$2rdacarrier
=380  \\$aArtykuły
=388  1\$a2001-
=600  17$aTokarczuk, Olga$d(1962- )$2DBN
=648  \7$a2001-$2DBN
=650  \7$aEdytorstwo$2DBN
=650  \7$aLaureaci$2DBN
=650  \7$aLiteracka Nagroda Nobla$2DBN
=650  \7$aNagroda Nobla$2DBN
=650  \7$aPisarze polscy$2DBN
=651  \7$aKraków (woj. małopolskie)$2DBN
=655  \7$aArtykuł problemowy$2DBN
=655  \7$aArtykuł z czasopisma fachowego$2DBN
=658  \\$aBibliotekarstwo, archiwistyka, muzealnictwo
=773  0\$iW:$tBiblioteka Analiz : dwutygodnik o rynku książki.$x1509-1589$g2019, nr 19, s. 3$w(PL)b0000001349746
=915  \\$aBZCz 2020/4244
=916  \\$aTenderenda-Ożóg, Ewa   
=931  \\$a821.162.1(091)(045/046)
=945  0\$b2019
=946  \\$k2019
=951  \7$aKraków (woj. małopolskie)$2DBN
=955  \7$aArtykuł problemowy$2DBN
=955  \7$aArtykuł z czasopisma fachowego$2DBN
=958  \\$aBibliotekarstwo, archiwistyka, muzealnictwo
=980  \\$aArtykuły
=999  \\$aBNzkdbzcz$bmp$x01$y2020
  
