=LDR  02730naa a2200757 i 4500
=001  b1000000480051
=005  20220923124516.0
=008  200107s2019    pl           |000 0 pol c
=009  9911303858705606
=015  \\$aBZCz 2020/3051
=035  \\$a(OCoLC)1241617579
=040  \\$aWA N$cWA N$dWA N
=045  0\$bd2019
=046  \\$k2019
=080  \\$81.1\x$a65(045/046)
=080  \\$81.2\x$a821.162.1(091)(045/046)
=080  \\$81.3\x$a339.1/.5(045/046)
=100  1\$aDobrołęcki, Piotr$d(1946- )$eAutor
=245  10$aNobel dla Olgi i helikopter na parkingu :$b23. Międzynarodowe Targi Książki w Krakowie /$c(PD).
=246  30$a23. Międzynarodowe Targi Książki w Krakowie
=260  \\$c2019.
=336  \\$aTekst$btxt$2rdacontent
=337  \\$aBez urządzenia pośredniczącego$bn$2rdamedia
=338  \\$aWolumin$bnc$2rdacarrier
=380  \\$aArtykuły
=388  1\$a2001-
=600  17$aTokarczuk, Olga$d(1962- )$2DBN
=611  27$aMiędzynarodowe Targi Książki$n(23 ;$d2019 ;$cKraków)$2DBN
=648  \7$a2001-$2DBN
=650  \7$aKsiążki$2DBN
=650  \7$aKsięgarstwo$2DBN
=650  \7$aLaureaci$2DBN
=650  \7$aLiteracka Nagroda Nobla$2DBN
=650  \7$aNagroda Nobla$2DBN
=650  \7$aPisarze polscy$2DBN
=651  \7$aKraków (woj. małopolskie)$2DBN
=655  \7$aArtykuł z czasopisma fachowego$2DBN
=655  \7$aArtykuł z czasopisma księgarskiego$2DBN
=658  \\$aBibliotekarstwo, archiwistyka, muzealnictwo
=658  \\$aKultura i sztuka
=773  0\$iW:$tBiblioteka Analiz : dwutygodnik o rynku książki.$x1509-1589$g2019, nr 20, s. 2-3$w(PL)b0000001349746
=915  \\$aBZCz 2020/3051
=916  \\$aDobrołęcki, Piotr   (1946- )
=931  \\$a65(045/046)
=931  \\$a821.162.1(091)(045/046)
=931  \\$a339.1/.5(045/046)
=945  0\$b2019
=946  \\$k2019
=950  \\$uhttps://eu05.alma.exlibrisgroup.com/view/uresolver/48OMNIS_NETWORK/openurl?u.ignore_date_coverage=true&portfolio_pid=53672411600005066&Force_direct=true$zZobacz w Polonie$853672411600005066
=951  \7$aKraków (woj. małopolskie)$2DBN
=955  \7$aArtykuł z czasopisma fachowego$2DBN
=955  \7$aArtykuł z czasopisma księgarskiego$2DBN
=958  \\$aBibliotekarstwo, archiwistyka, muzealnictwo
=958  \\$aKultura i sztuka
=980  \\$aArtykuły
=999  \\$aBNzkdbzcz$bmp$x01$y2020
  
