=LDR  01923naa a2200553 i 4500
=001  b1000000480612
=005  20211030063903.9
=008  200108s2019    pl            000 0 pol c
=009  9911304664005606
=015  \\$aPrasa 2020/01/08
=035  \\$a(OCoLC)1150766222
=040  \\$aKR M$cKR M$dWA N
=045  0\$bd2019
=046  \\$k2019
=100  1\$aKoziołek, Ryszard$d(1966- )$eWywiad
=245  10$aObywatel czytelnik /$cRyszard Koziołek, pisarz i literaturoznawca ; rozmawiał Michał Sowiński.
=260  \\$c24 XI 2019.
=336  \\$aTekst$btxt$2rdacontent
=337  \\$aBez urządzenia pośredniczącego$bn$2rdamedia
=338  \\$aWolumin$bnc$2rdacarrier
=380  \\$aArtykuły
=388  1\$a2001-
=600  17$aTokarczuk, Olga$d(1962- )$2DBN
=648  \7$a2001-$2DBN
=650  \7$aLiteratura$2DBN
=655  \7$aPowieść$2DBN
=655  \7$aArtykuł z czasopisma katolickiego$2DBN
=655  \7$aArtykuł z czasopisma kulturalnego$2DBN
=655  \7$aArtykuł z czasopisma społeczno-politycznego$2DBN
=658  \\$aLiteraturoznawstwo
=700  1\$aSowiński, Michał$d(1987- )$eWywiad
=773  0\$iW:$tTygodnik Powszechny : katolickie pismo społeczno-kulturalne.$x0041-4808$g2019, nr 47, s. 70-74$w(PL)b0000001298071
=915  \\$aPrasa 2020/01/08
=916  \\$aKoziołek, Ryszard   (1966- )
=918  1\$aSowiński, Michał$d(1987- )
=945  0\$b2019
=946  \\$k2019
=955  \7$aPowieść$2DBN
=955  \7$aArtykuł z czasopisma katolickiego$2DBN
=955  \7$aArtykuł z czasopisma kulturalnego$2DBN
=955  \7$aArtykuł z czasopisma społeczno-politycznego$2DBN
=958  \\$aLiteraturoznawstwo
=980  \\$aArtykuły
=999  \\$aKR M$bżw
  
