=LDR  01957naa a2200577 i 4500
=001  b1000000481428
=005  20211030064424.5
=008  200109s2019    pl            000 0 pol c
=009  9911304565705606
=015  \\$aPrasa 2020/01/09
=035  \\$a(PL)b1000000481428
=040  \\$aWA M$cWA M$dWA N
=045  2\$bd1993$bd2019
=046  \\$k2019
=100  1\$aMasłoń, Krzysztof$d(1953- )$eAutor
=245  10$aMitotwórstwo Olgi Tokarczuk :$bniestrawna dieta nowej noblistki : w tym, co pisze Tokarczuk, nie-Polacy są ważniejsi od Polaków, niekatolicy od katolików, a zwierzęta od ludzi : co nam serwuje nowa noblistka? /$cKrzysztof Masłoń.
=260  \\$c4-11 XI 2019.
=336  \\$aTekst$btxt$2rdacontent
=337  \\$aBez urządzenia pośredniczącego$bn$2rdamedia
=338  \\$aWolumin$bnc$2rdacarrier
=380  \\$aArtykuły
=388  1\$a2001-
=600  17$aTokarczuk, Olga$d(1962- )$2DBN
=648  \7$a1901-2000$2DBN
=648  \7$a1989-2000$2DBN
=650  \7$aLaureaci$2DBN
=650  \7$aLiteracka Nagroda Nobla$2DBN
=650  \7$aLiteratura polska$2DBN
=650  \7$aPisarze polscy$2DBN
=650  \7$aTematy i motywy$2DBN
=651  \7$aPolska$2DBN
=655  \7$aArtykuł publicystyczny$2DBN
=658  \\$aHistoria
=773  0\$iW:$tDo Rzeczy : tygodnik Lisickiego.$x2299-8500$g2019, nr 45, s. 20-25$w(PL)b0000002853238
=915  \\$aPrasa 2020/01/09
=916  \\$aMasłoń, Krzysztof   (1953- )
=945  2\$b1993$b2019
=946  \\$k2019
=951  \7$aPolska$2DBN
=955  \7$aArtykuł publicystyczny$2DBN
=958  \\$aHistoria
=980  \\$aArtykuły
=999  \\$aWA M$bBD
  
