=LDR  03134nas a2200541 i 4500
=001  b1000000481626
=005  20211030064617.5
=008  200109c20199999pl uu p o    |0    0pol c
=009  9911305664105606
=035  \\$a(PL)b1000000481626
=040  \\$aKR U$cKR U$dKR U
=046  \\$k2019
=245  00$aPełny Zapis Przebiegu Posiedzenia Podkomisji Nadzwyczajnej do Rozpatrzenia Poselskich Projektów Uchwał w Sprawie Wyrażenia Uznania dla Laureatki Nagrody Nobla Olgi Tokarczuk /$cKancelaria Sejmu. Biuro Komisji Sejmowych, Komisja Kultury i Środków Przekazu
=246  13$aPełny Zapis Przebiegu Posiedzenia Komisji Kultury i Środków Przekazu – Podkomisji Nadzwyczajnej do Rozpatrzenia Poselskich Projektów Uchwał w Sprawie Wyrażenia Uznania dla Laureatki Nagrody Nobla Olgi Tokarczuk
=256  \\$aCzasopismo elektroniczne
=260  \\$a[Warszawa] :$bKancelaria Sejmu. Biuro Komisji Sejmowych,$c2019-
=310  \\$aNieregularne
=336  \\$aTekst$btxt$2rdacontent
=337  \\$aKomputer$bc$2rdamedia
=338  \\$aDokument online$bcr$2rdacarrier
=362  0\$aKad. 9, nr 1 (18 grudnia 2019)-
=380  \\$aCzasopisma
=388  1\$a2001-
=500  \\$aTytuł wg ekranu tytułowego
=530  \\$aDokument dostępny online
=538  \\$aTryb dostępu: internet
=600  17$aTokarczuk, Olga$d(1962- )$2DBN
=650  \7$aNagroda Nobla$2DBN
=655  \7$aCzasopismo urzędowe$2DBN
=658  \\$aSocjologia i społeczeństwo
=710  2\$aBiuro Komisji Sejmowych (Sejm Rzeczypospolitej Polskiej ; 1989- )$eInstytucja sprawcza$eWydawca$4pbl
=710  2\$aSejmowa Komisja Kultury i Środków Przekazu$eInstytucja sprawcza
=852  \\$822554299890005067$j1$hBJ Oc 000270$bBJ$pJBC798577 $cBJ_JBC
=856  40$uhttp://sejm.gov.pl/Sejm9.nsf/biuletyny.xsp?view=3&komisja=KSP01N
=921  2\$aBiuro Komisji Sejmowych (Sejm Rzeczypospolitej Polskiej ; 1989- )
=921  2\$aSejmowa Komisja Kultury i Środków Przekazu
=923  \\$aBiuro Komisji Sejmowych (Sejm Rzeczypospolitej Polskiej ; 1989- )
=946  \\$k2019
=950  \\$uhttps://eu.alma.exlibrisgroup.com/view/uresolver/48OMNIS_NETWORK/openurl?u.ignore_date_coverage=true&portfolio_pid=53554299830005067&Force_direct=true$zJagiellońska Biblioteka Cyfrowa$853554299830005067
=955  \7$aCzasopismo urzędowe$2DBN
=958  \\$aSocjologia i społeczeństwo
=980  \\$aCzasopisma
=999  \\$aBJ$bEPl
  
