=LDR  01795naa a2200505 i 4500
=001  b1000000482373
=005  20221224142253.9
=008  200110s2019    pl           |000 0 pol c
=009  9911305546705606
=015  \\$aBZCz 2020/4177
=035  \\$a(PL)b1000000482373
=040  \\$aWA N$cWA N$dWA N
=045  0\$bd2019
=046  \\$k2019
=080  \\$a821.162.1(091)(045/046)
=100  1\$aNowacki, Dariusz$d(1965- )$eAutor
=245  10$aOlga Tokarczuk na Olimpie /$cDariusz Nowacki.
=260  \\$c2019.
=336  \\$aTekst$btxt$2rdacontent
=337  \\$aBez urządzenia pośredniczącego$bn$2rdamedia
=338  \\$aWolumin$bnc$2rdacarrier
=380  \\$aArtykuły
=388  1\$a2001-
=600  17$aTokarczuk, Olga$d(1962- )$2DBN
=648  \7$a2001-$2DBN
=650  \7$aLiteracka Nagroda Nobla$2DBN
=650  \7$aLiteratura polska$2DBN
=655  \7$aArtykuł problemowy$2DBN
=658  \\$aLiteraturoznawstwo
=773  0\$iW:$tŚląsk : miesięcznik społeczno-kulturalny.$x1425-3917$gR. 25, nr 10 (2019), s. 40-41$w(PL)b0000001101969
=915  \\$aBZCz 2020/4177
=916  \\$aNowacki, Dariusz   (1965- )
=931  \\$a821.162.1(091)(045/046)
=945  0\$b2019
=946  \\$k2019
=950  \\$uhttps://eu05.alma.exlibrisgroup.com/view/uresolver/48OMNIS_NETWORK/openurl?u.ignore_date_coverage=true&portfolio_pid=53672423990005066&Force_direct=true$zZobacz w Polonie$853672423990005066
=955  \7$aArtykuł problemowy$2DBN
=958  \\$aLiteraturoznawstwo
=980  \\$aArtykuły
=999  \\$aBNzkdbzcz$bkw$x01$y2020
  
