=LDR  02573nam a22006971i 4500
=001  b1000000484504
=005  20211030064442.7
=008  200114s2019    gw           |000 0 ger c
=009  9911307267005606
=015  \\$aPZ 2019
=020  \\$a363178726X$q(oprawa twarda) :$cEUR 59,95 (DE), 61,60 (AT), CHF 70
=035  \\$a(PL)b1000000484504
=040  \\$aWA N$cWA N$dWA N
=044  \\$agw$aau$asz
=046  \\$k2019
=080  \\$81.1\x$a821.162.1(091)(0.054)
=084  \\$a01
=100  1\$aPacyniak, Jolanta$eAutor
=245  10$aVon Menschen, Dingen und Räumen :$bKonstruktionen literarischer Gegenständlichkeit in ausgewählten Werken der deutschen und polnischen Gegenwartsliteratur /$cJolanta Pacyniak.
=246  30$aKonstruktionen literarischer Gegenständlichkeit in ausgewählten Werken der deutschen und polnischen Gegenwartsliteratur
=260  \\$aBerlin ;$aBern ;$aWien :$bPeter Lang,$c[2019].
=300  \\$a325 stron ;$c21 cm.
=336  \\$aTekst$btxt$2rdacontent
=337  \\$aBez urządzenia pośredniczącego$bn$2rdamedia
=338  \\$aWolumin$bnc$2rdacarrier
=380  \\$aKsiążki
=388  1\$a2001-
=490  1\$aLubliner Beiträge zur Germanistik und angewandten Linguistik ;$vBd. 11
=504  \\$aBibliografia na stronach 309-325.
=510  3\$aDNB online.
=530  \\$aKsiążka dostępna także jako e-book.
=600  17$aBator, Joanna$d(1968- )$2DBN
=600  17$aDückers, Tanja$d(1968- )$2DBN
=600  17$aErpenbeck, Jenny$d(1967- )$2DBN
=600  17$aFranck, Julia$d(1970- )$2DBN
=650  \7$aCzłowiek$2DBN
=650  \7$aLiteratura niemiecka$2DBN
=650  \7$aLiteratura polska$2DBN
=650  \7$aProza$2DBN
=650  \7$aPrzedmioty użytku codziennego$2DBN
=650  \7$aPrzestrzeń$2DBN
=655  \7$aMonografia$2DBN
=658  \\$aLiteraturoznawstwo
=830  \0$aLubliner Beiträge zur Germanistik und Angewandten Linguistik$vBd. 11
=915  \\$aPZ 2019
=916  \\$aPacyniak, Jolanta   
=920  \\$a3-631-78726-X (oprawa twarda) :$cEUR 59.95 (DE), 61,60 (AT), CHF 70
=931  \\$a821.162.1(091)(0.054)
=946  \\$k2019
=955  \7$aMonografia$2DBN
=958  \\$aLiteraturoznawstwo
=980  \\$aKsiążki
=999  \\$aBNzkdpz$bhk$bszb$xs$yk
  
