=LDR  01776naa a2200529 i 4500
=001  b1000000485513
=005  20211030063805.1
=008  200115s2020    pl            |0000 pol c
=009  9911308763605606
=015  \\$aPrasa 2020/01/15
=035  \\$a(PL)b1000000485513
=040  \\$aWA N$cWA N$dWA N
=045  0\$bd2020
=046  \\$k2020
=100  1\$aSzostak, Natalia$c(dziennikarz)$eAutor
=245  10$aTokarczuk w "Wyborczej": Wpiszmy do konstytucji zwierzęta :$bspotkanie z noblistką w Centrum Premier Czerska 8/10 /$cNatalia Szostak.
=260  \\$c15 I 2020.
=336  \\$aTekst$btxt$2rdacontent
=337  \\$aBez urządzenia pośredniczącego$bn$2rdamedia
=338  \\$aWolumin$bnc$2rdacarrier
=380  \\$aArtykuły
=388  1\$a2001-
=600  17$aTokarczuk, Olga$d(1962- )$2DBN
=648  \7$a2001-$2DBN
=650  \7$aLiteratura polska$2DBN
=650  \7$aPisarze polscy$2DBN
=650  \7$aPubliczność$2DBN
=651  \7$aWarszawa (woj. mazowieckie)$2DBN
=655  \7$aArtykuł z gazety$2DBN
=658  \\$aLiteraturoznawstwo
=773  0\$iW:$tGazeta Wyborcza (Wyd. zasadnicze).$x0860-908X$g2020, nr 11, s. 16-17$w(PL)b0000001301576
=915  \\$aPrasa 2020/01/15
=916  \\$aSzostak, Natalia  (dziennikarz) 
=945  0\$b2020
=946  \\$k2020
=951  \7$aWarszawa (woj. mazowieckie)$2DBN
=955  \7$aArtykuł z gazety$2DBN
=958  \\$aLiteraturoznawstwo
=980  \\$aArtykuły
=999  \\$aBNzkdprasa$bjkr
  
