=LDR  01926naa a2200553 i 4500
=001  b1000000492451
=005  20211030064136.9
=008  200124s2019    pl            000 0 pol c
=009  9911323428405606
=015  \\$aPrasa 2020/01/24
=035  \\$a(OCoLC)1150618642
=040  \\$aWA M$cWA M$dWA N
=045  0\$bd2019
=046  \\$k2019
=100  1\$aZiemkiewicz, Rafał A.$d(1964- )$eAutor
=245  10$aTokarczuk - nowy totem i młot salonu :$bpolityka na Noblu : obsesyjna potrzeba lewicowo-liberalnego salonu, by wykreować Tokarczuk na męczennicę, ma konkretny, polityczny cel /$cRafał A. Ziemkiewicz.
=260  \\$c16-26 XII 2019.
=336  \\$aTekst$btxt$2rdacontent
=337  \\$aBez urządzenia pośredniczącego$bn$2rdamedia
=338  \\$aWolumin$bnc$2rdacarrier
=380  \\$aArtykuły
=388  1\$a2001-
=600  17$aTokarczuk, Olga$d(1962- )$2DBN
=648  \7$a2001-$2DBN
=650  \7$aLaureaci$2DBN
=650  \7$aLiteracka Nagroda Nobla$2DBN
=650  \7$aLiteratura polska$2DBN
=650  \7$aPisarze polscy$2DBN
=651  \7$aPolska$2DBN
=655  \7$aArtykuł publicystyczny$2DBN
=658  \\$aLiteraturoznawstwo
=773  0\$iW:$tDo Rzeczy : tygodnik Lisickiego.$x2299-8500$g2019, nr 51, s. 70-72$w(PL)b0000002853238
=915  \\$aPrasa 2020/01/24
=916  \\$aZiemkiewicz, Rafał A.   (1964- )
=945  0\$b2019
=946  \\$k2019
=951  \7$aPolska$2DBN
=955  \7$aArtykuł publicystyczny$2DBN
=958  \\$aLiteraturoznawstwo
=980  \\$aArtykuły
=999  \\$aWA M$bBD
  
