=LDR  01766naa a2200565 a 4500
=001  b1000000496415
=005  20211030063650.4
=008  200129s2019    pl            |0000 pol c
=009  9911326588305606
=015  \\$aPrasa 2020/01/29
=035  \\$a(PL)b1000000496415
=040  \\$aPOZN W$cPOZN W$dWA N
=045  2\$bd1990$bd2019
=046  \\$k2019
=100  1\$aKrawiec, Szymon$eAutor
=245  10$aOd pisarza do milionera /$cSzymon Krawiec.
=260  \\$c25 XI - 1 XII 2019.
=336  \\$aTekst$btxt$2rdacontent
=337  \\$aBez urządzenia pośredniczącego$bn$2rdamedia
=338  \\$aWolumin$bnc$2rdacarrier
=380  \\$aArtykuły
=388  1\$a2001-
=600  17$aLipińska, Blanka$d(1985- )$2DBN
=600  17$aMróz, Remigiusz$d(1987- )$2DBN
=648  \7$a1901-2000$2DBN
=648  \7$a1989-2000$2DBN
=650  \7$aBogactwo$2DBN
=650  \7$aCzytelnictwo$2DBN
=651  \7$aPolska$2DBN
=655  \7$aArtykuł publicystyczny$2DBN
=658  \\$aKultura i sztuka
=773  0\$iW:$tWprost (Poznań).$x0209-1747.$g2019, nr 48, s. 44-49$w(PL)b0000001538668
=915  \\$aPrasa 2020/01/29
=916  \\$aKrawiec, Szymon   
=945  2\$b1990$b2019
=946  \\$k2019
=951  \7$aPolska$2DBN
=955  \7$aArtykuł publicystyczny$2DBN
=958  \\$aKultura i sztuka
=980  \\$aArtykuły
=999  \\$aPOZN W$bmd
  
