=LDR  01709naa a2200553 i 4500
=001  b1000000498071
=005  20211030064500.8
=008  200131s2018    xxc          |000 0 eng c
=009  9911327131305606
=015  \\$aPZ 2018
=035  \\$a(PL)b1000000498071
=040  \\$aWA N$cWA N$dWA N
=045  2\$bd1962$bd2015
=046  \\$k2018
=080  \\$a821.162.1(091)(0.054)
=100  1\$aKarwowska, Bożena$d(1954- )$eAutor
=245  10$aMythical subversions :$b(Olga Tokarczuk) /$cBożena Karwowska (University of British Columbia).
=260  \\$c2018.
=336  \\$aTekst$btxt$2rdacontent
=337  \\$aBez urządzenia pośredniczącego$bn$2rdamedia
=338  \\$aWolumin$bnc$2rdacarrier
=380  \\$aArtykuły
=388  1\$a2001-
=504  \\$aBibliografia na stronach 421-422.
=600  17$aTokarczuk, Olga$d(1962- )$2DBN
=648  \7$a1901-2000$2DBN
=648  \7$a1945-1989$2DBN
=648  \7$a1989-2000$2DBN
=650  \7$aLiteratura polska$2DBN
=655  \7$aArtykuł problemowy$2DBN
=658  \\$aHistoria
=773  0\$iW:$tBeing Poland : a new history of Polish literature and culture since 1918.$gs. 417-422$w(PL)b1000000358315
=915  \\$aPZ 2018
=916  \\$aKarwowska, Bożena   (1954- ).
=931  \\$a821.162.1(091)(0.054)
=945  2\$b1962$b2015
=946  \\$k2018
=955  \7$aArtykuł problemowy$2DBN
=958  \\$aHistoria
=980  \\$aArtykuły
=999  \\$aBNzkdroz$bmd
  
