=LDR  01721naa a2200505 i 4500
=001  b1000000500186
=005  20211030063824.9
=008  200204s2019    pl           |000 0 pol c
=009  9911329662305606
=035  \\$a(PL)b1000000500186
=040  \\$aWA N$cWA N$dWA N
=045  0\$bd2014
=046  \\$k2019
=080  \\$a821.162.1(091)(045/046)
=100  1\$aStanisz, Marek$eAutor
=245  10$aTropy Mickiewiczowskie w "Księgach Jakubowych" Olgi Tokarczuk /$cMarek Stanisz ; Uniwersytet Rzeszowski.
=260  \\$c2019.
=336  \\$aTekst$btxt$2rdacontent
=337  \\$aBez urządzenia pośredniczącego$bn$2rdamedia
=338  \\$aWolumin$bnc$2rdacarrier
=380  \\$aArtykuły
=388  1\$a2001-
=600  17$aMickiewicz, Adam$d(1798-1855)$2DBN
=648  \7$a2001-$2DBN
=650  \7$aLiteratura polska$2DBN
=650  \7$aPowieść$2DBN
=655  \7$aArtykuł problemowy$2DBN
=658  \\$aLiteraturoznawstwo
=710  2\$aUniwersytet Rzeszowski$4oth
=773  0\$iW:$tPowieść dziś : teorie, tradycje, interpretacje$gs. 177-191$w(PL)b1000000486249
=916  \\$aStanisz, Marek.   
=921  2\$aUniwersytet Rzeszowski
=931  \\$a821.162.1(091)(045/046)
=945  0\$b2014
=946  \\$k2019
=955  \7$aArtykuł problemowy$2DBN
=958  \\$aLiteraturoznawstwo
=980  \\$aArtykuły
=999  \\$aBNzkdroz$brs
  
