=LDR  02220naa a2200649 i 4500
=001  b1000000501770
=005  20211030064059.5
=008  200205s2019    pl           |000 0 pol c
=009  9911329514005606
=015  \\$aBZCz 2020/10501
=024  7\$a10.26485/PP/2019/74/6$2doi
=035  \\$a(PL)b1000000501770
=040  \\$aWA N$cWA N$dWA N
=041  0\$apol$beng
=045  0\$bd2014
=046  \\$k2019
=080  \\$81.1\x$a821.162.1(091)(045/046)
=100  1\$aOlędzka, Maria$eAutor
=245  10$aMit Mesjasza w "Księgach Jakubowych" Olgi Tokarczuk /$cMaria Olędzka.
=260  \\$c2019.
=336  \\$aTekst$btxt$2rdacontent
=337  \\$aBez urządzenia pośredniczącego$bn$2rdamedia
=338  \\$aWolumin$bnc$2rdacarrier
=380  \\$aArtykuły
=388  1\$a2001-
=504  \\$aBibliografia na stronach 132-133.
=546  \\$aStreszczenie w języku angielskim.
=600  17$aFrank, Ewa$d(1754-1816)$2DBN
=600  17$aFrank, Jakub Józef$d(1726-1791)$2DBN
=600  07$aJezus Chrystus$2DBN
=600  17$aTokarczuk, Olga$d(1962- ).$tKsięgi Jakubowe albo Wielka podróż przez siedem granic, pięć języków i trzy duże religie, nie licząc tych małych$2DBN
=648  \7$a2001-$2DBN
=650  \7$aChrześcijaństwo$2DBN
=650  \7$aJudaizm$2DBN
=650  \7$aLiteratura polska$2DBN
=650  \7$aMit$2DBN
=650  \7$aPowieść historyczna$2DBN
=655  \7$aArtykuł z czasopisma filologicznego$2DBN
=655  \7$aArtykuł z czasopisma naukowego$2DBN
=658  \\$aLiteraturoznawstwo
=773  0\$iW:$tPrace Polonistyczne.$x0079-4791$gSer. 74 (2019), s. 115-134$w(PL)b0000001528931
=915  \\$aBZCz 2020/10501
=916  \\$aOlędzka, Maria   
=931  \\$a821.162.1(091)(045/046)
=945  0\$b2014
=946  \\$k2019
=955  \7$aArtykuł z czasopisma filologicznego$2DBN
=955  \7$aArtykuł z czasopisma naukowego$2DBN
=958  \\$aLiteraturoznawstwo
=980  \\$aArtykuły
=999  \\$aBNzkdbzcz$bagb$x02$y2020
  
