=LDR  01946naa a2200553 i 4500
=001  b1000000503813
=005  20211030064735.1
=008  200207s2020    pl            000 0 pol  c
=009  9911330741105606
=015  \\$aPrasa 2020/02/07
=035  \\$a(PL)b1000000503813
=040  \\$aKR M$cKR M$dWA N
=045  0\$bd2020
=046  \\$k2020
=100  1\$aSutryk, Jacek$d(1978- )$eWywiad
=245  10$aŚwietny czas dla literatury :$bWrocław miasto Olgi Tokarczuk /$cJacek Sutryk, prezydent Wrocławia ; rozmawiał TP.
=246  3\$aWrocław miasto Olgi Tokarczuk
=260  \\$c5-12 I 2020.
=336  \\$aTekst$btxt$2rdacontent
=337  \\$aBez urządzenia pośredniczącego$bn$2rdamedia
=338  \\$aWolumin$bnc$2rdacarrier
=380  \\$aArtykuły
=388  1\$a2001-
=600  17$aTokarczuk, Olga$d(1962- )$2DBN
=648  \7$a2001-$2DBN
=650  \7$aPisarze polscy$2DBN
=651  \7$aWrocław (woj. dolnośląskie)$2DBN
=655  \7$aArtykuł z czasopisma katolickiego$2DBN
=655  \7$aArtykuł z czasopisma kulturalnego$2DBN
=655  \7$aArtykuł z czasopisma społeczno-politycznego$2DBN
=658  \\$aHistoria
=773  0\$iW:$tTygodnik Powszechny : katolickie pismo społeczno-kulturalne.$x0041-4808$g2020, nr 1/2, s. 94-95$w(PL)b0000001298071
=915  \\$aPrasa 2020/02/07
=916  \\$aSutryk, Jacek   (1978- ).
=945  0\$b2020
=946  \\$k2020
=951  \7$aWrocław (woj. dolnośląskie)$2DBN
=955  \7$aArtykuł z czasopisma katolickiego$2DBN
=955  \7$aArtykuł z czasopisma kulturalnego$2DBN
=955  \7$aArtykuł z czasopisma społeczno-politycznego$2DBN
=958  \\$aHistoria
=980  \\$aArtykuły
=999  \\$aKR M$bam
  
