=LDR  02396naa a2200721 a 4500
=001  b1000000506626
=005  20220204124036.4
=008  200212s2019    pl            |0000 pol c
=009  9911332219105606
=015  \\$aPrasa 2020/02/12
=035  \\$a(PL)b1000000506626
=040  \\$aPOZN W$cPOZN W$dWA N
=045  \\$bd2019
=046  \\$k2019
=100  1\$aKwiatkowski, Krzysztof$c(dziennikarz)$eAutor
=245  10$aOd Tokarczuk do Glińskiego /$cKrzysztof Kwiatkowski, Artur Zaborski, Marcin Cichoński, Leszek Bugajski, Łukasz Maciejewski, Jakub Banasiak.
=260  \\$c16-26 XII 2019.
=336  \\$aTekst$btxt$2rdacontent
=337  \\$aBez urządzenia pośredniczącego$bn$2rdamedia
=338  \\$aWolumin$bnc$2rdacarrier
=380  \\$aArtykuły
=388  1\$a2001-
=600  17$aBernatowicz, Piotr$d(1973- )$2DBN
=600  17$aGliński, Piotr$2DBN
=600  17$aLupa, Krystian$2DBN
=600  17$aMiziołek, Jerzy$d(1953- )$2DBN
=648  \7$a2001-$2DBN
=650  \7$aArtyści$2DBN
=650  \7$aFilmowcy$2DBN
=650  \7$aKino popularne$2DBN
=650  \7$aKultura popularna$2DBN
=650  \7$aPisarze$2DBN
=651  \7$aPolska$2DBN
=655  \7$aArtykuł publicystyczny$2DBN
=658  \\$aKultura i sztuka
=700  1\$aBanasiak, Jakub$d(1980- )$eAutor
=700  1\$aBugajski, Leszek$d(1949- )$eAutor
=700  1\$aCichoński, Marcin$eAutor
=700  1\$aMaciejewski, Łukasz$d(1976- )$eAutor
=773  0\$iW:$tWprost (Poznań).$x0209-1747.$g2019, nr 51, s. 108-113$w(PL)b0000001538668
=915  \\$aPrasa 2020/02/12
=916  \\$aKwiatkowski, Krzysztof  (dziennikarz) 
=918  1\$aBanasiak, Jakub$d(1980- )
=918  1\$aBugajski, Leszek$d(1949- )
=918  1\$aCichoński, Marcin
=918  1\$aMaciejewski, Łukasz$d(1976- )
=945  \\$b2019
=946  \\$k2019
=951  \7$aPolska$2DBN
=955  \7$aArtykuł publicystyczny$2DBN
=958  \\$aKultura i sztuka
=980  \\$aArtykuły
=999  \\$aPOZN W$bmd
  
