=LDR  01700naa a2200493 i 4500
=001  b1000000510249
=005  20211030063903.9
=008  200218s2019    pl           |000 0 pol c
=009  9911332384405606
=035  \\$a(PL)b1000000510249
=040  \\$aWA N$cWA N$dWA N
=045  0\$bd2018
=046  \\$k2019
=080  \\$a821.162.1(091)(045/046)
=100  1\$aDybciak, Krzysztof$d(1948- )$eAutor
=245  10$aPrzygody angielskiego uczonego na wojnie polsko-jaruzelskiej :$bo opowiadaniu Olgi Tokarczuk "Profesor Andrews w WArszawie" /$cKrzysztof Dybciak.
=260  \\$c2019.
=336  \\$aTekst$btxt$2rdacontent
=337  \\$aBez urządzenia pośredniczącego$bn$2rdamedia
=338  \\$aWolumin$bnc$2rdacarrier
=380  \\$aArtykuły
=388  1\$a2001-
=504  \\$aBibliografia na stronie 259.
=600  17$aTokarczuk, Olga$d(1962- ).$tProfesor Andrews w Warszawie$2DBN
=648  \7$a2001-$2DBN
=650  \7$aLiteratura polska$2DBN
=650  \7$aOpowiadania i nowele$2DBN
=650  \7$aStan wojenny w Polsce (1981-1983)$2DBN
=655  \7$aArtykuł problemowy$2DBN
=658  \\$aLiteraturoznawstwo
=773  0\$iW:$tDzieje najnowsze w literaturze polskiej : szkice o współczesnej poezji i prozie$gs. 247-259$w(PL)b1000000499618
=916  \\$aDybciak, Krzysztof   (1948- ).
=931  \\$a821.162.1(091)(045/046)
=945  0\$b2018
=946  \\$k2019
=955  \7$aArtykuł problemowy$2DBN
=958  \\$aLiteraturoznawstwo
=980  \\$aArtykuły
=999  \\$aBNzkdroz$brs
  
