=LDR  02489naa a2200601 i 4500
=001  b1000000510594
=005  20211030064537.4
=008  200218s2018    pl            000 0 swe c 
=009  9911336115405606
=015  \\$aBZCz 2020/10564
=024  7\$a10.26361/ZNTDH.09.2018.23.06$2doi
=035  \\$a(PL)b1000000510594
=040  \\$aWA N$cWA N$dWA N
=041  0\$aswe$beng
=045  0\$bd2015
=046  \\$k2018
=080  \\$81.1\x$a821.162.1(091)(045/046)
=100  1\$aZaborowska, Patrycja$eAutor
=245  10$aKonceptualisering av språkspel i den svenska översättningen av "Księgi Jakubowe" ("Jakobsböckerna") av Olga Tokarczuk :$b"till stor del består världen av ord, som, sedan de väl uttalats, gör anspråk på den allmänna ordningen..." /$cPatrycja Zaborowska (Jagiellonian University. Phaculty of Philology. Institute of German Studies. Department of Swedish Studies).
=260  \\$c2018.
=336  \\$aTekst$btxt$2rdacontent
=337  \\$aBez urządzenia pośredniczącego$bn$2rdamedia
=338  \\$aWolumin$bnc$2rdacarrier
=380  \\$aArtykuły
=388  1\$a2001-
=504  \\$aBibliografia, netografia na stronie 107.
=546  \\$aStreszczenie w języku angielskim.
=600  17$aSwahn, Jan Henrik$d(1959- )$2DBN
=648  \7$a2001-$2DBN
=650  \7$aLiteratura polska$2DBN
=650  \7$aPowieść historyczna$2DBN
=655  \7$aArtykuł problemowy$2DBN
=658  \\$aLiteraturoznawstwo
=710  2\$aZakład Filologii Szwedzkiej (Uniwersytet Jagielloński)$4oth
=773  0\$iW:$tZeszyty Naukowe Towarzystwa Doktorantów Uniwersytetu Jagiellońskiego. Nauki Humanistyczne.$x2299-1638$g2018, nr 4, s. 95-107$w(PL)b0000002870770
=915  \\$aBZCz 2020/10564
=916  \\$aZaborowska, Patrycja   
=921  2\$aZakład Filologii Szwedzkiej (Uniwersytet Jagielloński)
=931  \\$a821.162.1(091)(045/046)
=945  0\$b2015
=946  \\$k2018
=955  \7$aArtykuł problemowy$2DBN
=958  \\$aLiteraturoznawstwo
=980  \\$aArtykuły
=999  \\$aBNzkdbzcz$bab$x02$y2020
  
