=LDR  03100naa a2200913 i 4500
=001  b1000000515380
=005  20220403175406.6
=008  200224s2020    pl            000 0 pol c
=009  9911339756205606
=015  \\$aPrasa 2020/02/24
=035  \\$a(PL)b1000000515380
=040  \\$aZAM 001$cZAM 001$dWA N
=045  2\$bd1939$bd2020
=046  \\$k2020
=100  1\$aMichalkiewicz, Stanisław$d(1947- )$eAutor
=245  10$aSurowiec, kapitał i technologia /$cStanisław Michalkiewicz.
=260  \\$c17 II - 1 III 2020.
=336  \\$aTekst$btxt$2rdacontent
=337  \\$aBez urządzenia pośredniczącego$bn$2rdamedia
=338  \\$aWolumin$bnc$2rdacarrier
=380  \\$aArtykuły
=388  1\$a2001-
=600  17$aAdenauer, Konrad$d(1876-1967)$2DBN
=600  17$aBen-Gurion, David$d(1886-1973)$2DBN
=600  17$aGrass, Günter$d(1927-2015)$2DBN
=600  17$aMichalkiewicz, Stanisław$d(1947- )$2DBN
=610  27$aAgencja Bezpieczeństwa Wewnętrznego (ABW)$2DBN
=648  \7$a1901-2000$2DBN
=648  \7$a1939-1945$2DBN
=648  \7$a1945-1989$2DBN
=648  \7$a1989-2000$2DBN
=650  \7$aII wojna światowa (1939-1945)$2DBN
=650  \7$aAktywizm społeczny$2DBN
=650  \7$aAntypolonizm$2DBN
=650  \7$aAntysemityzm$2DBN
=650  \7$aGrupy nacisku$2DBN
=650  \7$aHolokaust$2DBN
=650  \7$aInwigilacja$2DBN
=650  \7$aOdpowiedzialność karna$2DBN
=650  \7$aOdszkodowania wojenne$2DBN
=650  \7$aOrzecznictwo karne$2DBN
=650  \7$aPolityka$2DBN
=650  \7$aSocjotechnika$2DBN
=650  \7$aSpotkanie autorskie$2DBN
=650  \7$aŚrodki masowego przekazu$2DBN
=650  \7$aŚwiadomość społeczna$2DBN
=651  \7$aIzrael$2DBN
=651  \7$aPolska$2DBN
=651  \7$aPoznań (woj. wielkopolskie)$2DBN
=655  \7$aArtykuł publicystyczny$2DBN
=655  \7$aArtykuł z czasopisma społeczno-politycznego$2DBN
=658  \\$aHistoria
=658  \\$aPrawo i wymiar sprawiedliwości
=773  0\$iW:$tNajwyższy Czas! : pismo konserwatywno-liberalne.$x0867-0366$g2020, nr 9/10, s. XVI-XVII$w(PL)b0000001101197
=915  \\$aPrasa 2020/02/24
=916  \\$aMichalkiewicz, Stanisław   (1947- )
=945  2\$b1939$b2020
=946  \\$k2020
=951  \7$aIzrael$2DBN
=951  \7$aPolska$2DBN
=951  \7$aPoznań (woj. wielkopolskie)$2DBN
=955  \7$aArtykuł publicystyczny$2DBN
=955  \7$aArtykuł z czasopisma społeczno-politycznego$2DBN
=958  \\$aHistoria
=958  \\$aPrawo i wymiar sprawiedliwości
=980  \\$aArtykuły
=999  \\$aZAM 001$bAK
  
