=LDR  01776naa a2200553 i 4500
=001  b1000000528517
=005  20220326163002.6
=008  200311s2015    gw            |0000 gerrcc
=009  9911344400105606
=015  \\$aPZ 2015
=035  \\$a(PL)b1000000528517
=040  \\$aWA N$cWA N$dWA N
=045  0\$bd1998
=046  \\$k2015
=080  \\$a821.162.1(091)(0.054)
=100  1\$aWolting, Monika$d(1972- )$eAutor
=245  15$aEine Gegend wird durch Geschichtenerzählen erschlossen :$bzu Olga Tokarczuks "Taghaus Nachthaus" /$cMonika Wolting.
=260  \\$c2015.
=336  \\$aTekst$btxt$2rdacontent
=337  \\$aBez urządzenia pośredniczącego$bn$2rdamedia
=338  \\$aWolumin$bnc$2rdacarrier
=380  \\$aArtykuły
=388  1\$a2001-
=600  17$aTokarczuk, Olga$d(1962- ).$tDom dzienny, dom nocny$2DBN
=648  \7$a1901-2000$2DBN
=650  \7$aLiteratura polska$2DBN
=650  \7$aNarracja$2DBN
=650  \7$aPodmiot literacki$2DBN
=650  \7$aPolifoniczność (literatura)$2DBN
=651  \7$aDolny Śląsk$2DBN
=655  \7$aArtykuł problemowy$2DBN
=658  \\$aLiteraturoznawstwo
=773  0\$iW:$tDeutschland- und Polenbilder in der Literatur nach 1989 : mit 6 Abbildungen,$gs. 149-162$w(PL)b1000000250642
=915  \\$aPZ 2015
=916  \\$aWolting, Monika   (1972- )
=931  \\$a821.162.1(091)(0.054)
=945  0\$b1998
=946  \\$k2015
=951  \7$aDolny Śląsk$2DBN
=955  \7$aArtykuł problemowy$2DBN
=958  \\$aLiteraturoznawstwo
=980  \\$aArtykuły
=999  \\$aBNzkdroz$bszb
  
