=LDR  01972naa a2200601 i 4500
=001  b1000000529561
=005  20211030063708.5
=008  200312s2015    gw            |0000 ger cc
=009  9911344487705606
=015  \\$aPZ 2015
=035  \\$a(PL)b1000000529561
=040  \\$aWA N$cWA N$dWA N
=045  2\$bd1998$bd2015
=046  \\$k2015
=080  \\$a821.162.1(091)(0.054)
=245  00$a"Seit diesem Moment hat sich die Welt erneuert, sie ist jetzt für immer anders" /$cOlga Tokarczuk im Gespräch mit Stephan Wolting.
=260  \\$c2015.
=336  \\$aTekst$btxt$2rdacontent
=337  \\$aBez urządzenia pośredniczącego$bn$2rdamedia
=338  \\$aWolumin$bnc$2rdacarrier
=380  \\$aArtykuły
=388  1\$a2001-
=600  17$aTokarczuk, Olga$d(1962- )$2DBN
=648  \7$a1901-2000$2DBN
=648  \7$a1989-2000$2DBN
=650  \7$aLiteratura polska$2DBN
=650  \7$aPisarstwo$2DBN
=650  \7$aPisarze polscy$2DBN
=650  \7$aTematy i motywy$2DBN
=650  \7$aTożsamość osobista$2DBN
=651  \7$aDolny Śląsk$2DBN
=655  \7$aArtykuł z pracy zbiorowej$2DBN
=658  \\$aLiteraturoznawstwo
=700  1\$aTokarczuk, Olga$d(1962- )$eWywiad
=773  0\$iW:$tDeutschland- und Polenbilder in der Literatur nach 1989 : mit 6 Abbildungen,$gs. 387-390$w(PL)b1000000250642
=915  \\$aPZ 2015
=918  1\$aTokarczuk, Olga$d(1962- ).
=931  \\$a821.162.1(091)(0.054)
=945  2\$b1998$b2015
=946  \\$k2015
=951  \7$aDolny Śląsk$2DBN
=955  \7$aArtykuł z pracy zbiorowej$2DBN
=958  \\$aLiteraturoznawstwo
=980  \\$aArtykuły
=999  \\$aBNzkdroz$bszb
  
