=LDR  02686naa a2200745 i 4500
=001  b1000000533743
=005  20221224142250.5
=008  200317s2020    pl           |000 0 pol c
=009  9911346625905606
=015  \\$aBZCz 2020/14511
=035  \\$a(OCoLC)1242203903
=040  \\$aWA N$cWA N$dWA N
=045  2\$bd1979$bd2019
=046  \\$k2020
=080  \\$81.1\x$a37(045/046)
=080  \\$81.2\x$a821.162.1-1/-9(045/046)
=100  1\$aKasprzyszak, Elżbieta$eAutor
=245  10$aPoznaj polską noblistkę :$bscenariusz zajęć edukacyjnych /$cElżbieta Kasprzyszak.
=260  \\$c2020.
=336  \\$aTekst$btxt$2rdacontent
=337  \\$aBez urządzenia pośredniczącego$bn$2rdamedia
=338  \\$aWolumin$bnc$2rdacarrier
=380  \\$aArtykuły
=380  \\$aPublikacje dydaktyczne
=385  \\$mPoziom nauczania$aSzkoły ponadgimnazjalna
=386  \\$mPrzynależność kulturowa$aLiteratura polska
=388  1\$a2001-
=504  \\$aBibliografia na stronie 24.
=600  17$aTokarczuk, Olga$d(1962- )$2DBN
=648  \7$a1901-2000$2DBN
=648  \7$a1945-1989$2DBN
=648  \7$a1989-2000$2DBN
=650  \7$aLekcja biblioteczna$2DBN
=650  \7$aLiteratura polska$2DBN
=650  \7$aLiteracka Nagroda Nobla$2DBN
=655  \7$aArtykuł z czasopisma bibliotekarskiego$2DBN
=655  \7$aArtykuł z czasopisma fachowego$2DBN
=658  \\$aBibliotekarstwo, archiwistyka, muzealnictwo
=773  0\$iW:$tBiblioteka w Szkole : czasopismo pracowników bibliotek oświatowych.$x0867-5600.$g2020, nr 3, s. 20-24$w(PL)b0000001296290
=915  \\$aBZCz 2020/14511
=916  \\$aKasprzyszak, Elżbieta   
=931  \\$a37(045/046)
=931  \\$a821.162.1-1/-9(045/046)
=945  2\$b1979$b2019
=946  \\$k2020
=950  \\$uhttps://eu05.alma.exlibrisgroup.com/view/uresolver/48OMNIS_NETWORK/openurl?u.ignore_date_coverage=true&portfolio_pid=53697689450005066&Force_direct=true$zZobacz w Polonie$853697689450005066
=955  \7$aArtykuł z czasopisma bibliotekarskiego$2DBN
=955  \7$aArtykuł z czasopisma fachowego$2DBN
=958  \\$aBibliotekarstwo, archiwistyka, muzealnictwo
=980  \\$aArtykuły
=980  \\$aPublikacje dydaktyczne
=985  \\$aSzkoły ponadgimnazjalna
=986  \\$aLiteratura polska
=999  \\$aBNzzbbzcz$bvp$x03$y2020
  
