=LDR  01746naa a2200493 i 4500
=001  b1000000536897
=005  20211030064500.8
=008  200319s2019    pl           |000 0 pol c
=009  9911351894305606
=015  \\$aBZCz 2020/19383
=035  \\$a(PL)b1000000536897
=040  \\$aWA N$cWA N$dWA N
=046  \\$k2019
=080  \\$a821.162.1(091)(045/046)
=100  1\$aTokarczuk, Olga$d(1962- )$eWywiad
=245  10$aJestem sroka Olga /$cz Olgą Tokarczuk, laureatką Literackiej Nagrody Nobla za rok 2018 ; rozmawia Michał Nogaś.
=260  \\$c2019.
=336  \\$aTekst$btxt$2rdacontent
=337  \\$aBez urządzenia pośredniczącego$bn$2rdamedia
=338  \\$aWolumin$bnc$2rdacarrier
=380  \\$aArtykuły
=388  1\$a2001-
=600  17$aTokarczuk, Olga$d(1962- )$2DBN
=650  \7$aLiteratura polska$2DBN
=655  \7$aArtykuł z czasopisma literackiego$2DBN
=655  \7$aArtykuł z czasopisma społeczno-kulturalnego$2DBN
=658  \\$aLiteraturoznawstwo
=700  1\$aNogaś, Michał$d(1978- )$eWywiad
=773  0\$iW:$tKsiążki (Warszawa ; 2011).$x2083-3881$g2019, nr 6, s. 48-53$w(PL)b0000002644843
=915  \\$aBZCz 2020/19383
=916  \\$aTokarczuk, Olga   (1962- )
=918  1\$aNogaś, Michał$d(1978- )
=931  \\$a821.162.1(091)(045/046)
=946  \\$k2019
=955  \7$aArtykuł z czasopisma literackiego$2DBN
=955  \7$aArtykuł z czasopisma społeczno-kulturalnego$2DBN
=958  \\$aLiteraturoznawstwo
=980  \\$aArtykuły
=999  \\$aBNzkdbzcz$bpfk$x03$y2020
  
