=LDR  01815naa a2200529 i 4500
=001  b1000000536900
=005  20211030064041.3
=008  200319s2019    pl           |000 e pol c
=009  9911351894205606
=015  \\$aBZCz 2020/19058
=035  \\$a(PL)b1000000536900
=040  \\$aWA N$cWA N$dWA N
=046  \\$k2019
=080  \\$a821.162.1(091)(045/046)
=245  00$aJak się rodzą pomysły na Nobla /$cŁukasz Pilip, Natalia Szostak.
=260  \\$c2019.
=336  \\$aTekst$btxt$2rdacontent
=337  \\$aBez urządzenia pośredniczącego$bn$2rdamedia
=338  \\$aWolumin$bnc$2rdacarrier
=380  \\$aArtykuły
=386  \\$mPrzynależność kulturowa$aLiteratura polska
=388  1\$a2001-
=600  17$aTokarczuk, Olga$d(1962- )$2DBN
=650  \7$aLiteracka Nagroda Nobla$2DBN
=650  \7$aLiteratura polska$2DBN
=655  \7$aArtykuł z czasopisma literackiego$2DBN
=655  \7$aArtykuł z czasopisma społeczno-kulturalnego$2DBN
=658  \\$aLiteraturoznawstwo
=700  1\$aPilip, Łukasz$d(1991- )$eAutor
=773  0\$iW:$tKsiążki (Warszawa ; 2011).$x2083-3881$g2019, nr 6, s. 54-62$w(PL)b0000002644843
=915  \\$aBZCz 2020/19058
=918  1\$aPilip, Łukasz$d(1991- )
=931  \\$a821.162.1(091)(045/046)
=946  \\$k2019
=955  \7$aArtykuł z czasopisma literackiego$2DBN
=955  \7$aArtykuł z czasopisma społeczno-kulturalnego$2DBN
=958  \\$aLiteraturoznawstwo
=980  \\$aArtykuły
=986  \\$aLiteratura polska
=999  \\$aBNzkdbzcz$bpfk$x03$y2020
  
