=LDR  02486naa a2200625 i 4500
=001  b1000000543014
=005  20211030064442.7
=008  200326s2019    pl           |000 0 rusoc
=009  9911408506405606
=035  \\$a(OCoLC)1121441290
=040  \\$aWA N$cWA N$dWA N
=041  0\$arus$beng$bpol
=045  0\$bd2010
=046  \\$k2019
=080  \\$a80/81(045/046)
=100  1\$aFontański, Henryk$d(1947- )$eAutor
=245  10$6880-01$aRegistrovaâ harakteristika obrazov pamâti v romane Ol'gi Tokarčuk Beguny i ego perevode na russkij âzyk /$cHenryk Fontański (Uniwersytet Gdański).
=260  \\$c2019.
=336  \\$aTekst$btxt$2rdacontent
=337  \\$aBez urządzenia pośredniczącego$bn$2rdamedia
=338  \\$aWolumin$bnc$2rdacarrier
=380  \\$aArtykuły
=388  1\$a2001-
=546  \\$aStreszczenia w języku angielskim i polskim.
=600  17$aTokarczuk, Olga$d(1962- ).$tBieguni$2DBN
=648  \7$a2001-$2DBN
=650  \7$aJęzyk rosyjski$2DBN
=650  \7$aLiteratura polska$2DBN
=650  \7$aPamięć$2DBN
=650  \7$aProza$2DBN
=650  \7$aPrzekłady$2DBN
=650  \7$aTematy i motywy$2DBN
=651  \7$aRosja$2DBN
=655  \7$aArtykuł problemowy$2DBN
=658  \\$aJęzykoznawstwo
=710  2\$aUniwersytet Gdański$4oth
=773  0\$iW:$tPorządek słów : gramatyka, tekst, styl, dyskurs : księga jubileuszowa dedykowana profesor Zoi Nowożenowej z okazji 45-lecia pracy naukowej = Porâdok slov : grammatika, tekst, stil', diskurs : ûbilejnaâ monografiâ, posvâŝennaâ 45-letiû naučnoj deâtel'nosti professor Zoi L. Novoženovoj.$gs. 103-113$w(PL)b1000000372119
=880  10$6245-01/(N$aРегистровая характеристика образов памяти в романе Ольги Токарчук Бегуны и его переводе на русский язык /$cHenryk Fontański (Uniwersytet Gdański).
=916  \\$aFontański, Henryk   (1947- )
=921  2\$aUniwersytet Gdański
=931  \\$a80/81(045/046)
=935  \\$avtls000825643$9LOCAL$z48OMNIS_KUL
=945  0\$b2010
=946  \\$k2019
=951  \7$aRosja$2DBN
=955  \7$aArtykuł problemowy$2DBN
=958  \\$aJęzykoznawstwo
=980  \\$aArtykuły
=999  \\$aBNzkdroz$bman
  
