=LDR  01720naa a2200505 i 4500
=001  b1000000544911
=005  20211030064657.7
=008  200327s2020    pl       o    000 0 pol c
=009  9911423262305606
=015  \\$aPrasa 2020/03/27
=035  \\$a(OCoLC)1242145518
=040  \\$aWA N$cWA N$dWA N
=045  0\$bd2006
=046  \\$k2020
=100  1\$aMiłkowski, Tomasz$d(1947- )$eRecenzja
=245  10$aKwarantanna z Tokarczuk :$b"Anna Inn w grobowcach świata" /$cTomasz Miłkowski.
=260  \\$c27-29 III 2020.
=336  \\$aTekst$btxt$2rdacontent
=337  \\$aBez urządzenia pośredniczącego$bn$2rdamedia
=338  \\$aWolumin$bnc$2rdacarrier
=380  \\$aArtykuły
=388  1\$a2001-
=520  8\$aZawiera recenzje książki: Anna Inn w grobowcach świata. - Kraków, 2019.
=600  17$aTokarczuk, Olga$d(1962- ).$tAnna In w grobowcach świata$2DBN
=648  \7$a2001-$2DBN
=650  \7$aLiteratura polska$2DBN
=655  \7$aArtykuł z czasopisma społeczno-politycznego$2DBN
=655  \7$aArtykuł z gazety$2DBN
=658  \\$aLiteraturoznawstwo
=773  0\$iW:$tDziennik Trybuna.$x2300-3197$g2020, nr 61, s. 21$w(PL)b0000002890472
=915  \\$aPrasa 2020/03/27
=916  \\$aMiłkowski, Tomasz   (1947- )
=945  0\$b2006
=946  \\$k2020
=955  \7$aArtykuł z czasopisma społeczno-politycznego$2DBN
=955  \7$aArtykuł z gazety$2DBN
=958  \\$aLiteraturoznawstwo
=980  \\$aArtykuły
=999  \\$aBNzkdprasa$bmp
  
