=LDR  01622naa a2200493 i 4500
=001  b1000000547987
=005  20211030063903.9
=008  200331s2019    pl           |000 0 pol c
=009  9911421193205606
=015  \\$aBZCz 2020/40976
=035  \\$a(OCoLC)1242375031
=040  \\$aWA N$cWA N$dWA N
=046  \\$k2019
=080  \\$a82(091)+82.01/.09(045/046)
=100  1\$aTokarczuk, Olga$d(1962- )$eWywiad
=245  10$aFantastyka powinna walczyć o swoje /$cwywiad z Olgą Tokarczuk ; [rozmawia Michał Hernes].
=260  \\$c2019.
=336  \\$aTekst$btxt$2rdacontent
=337  \\$aBez urządzenia pośredniczącego$bn$2rdamedia
=338  \\$aWolumin$bnc$2rdacarrier
=380  \\$aArtykuły
=388  1\$a2001-
=600  17$aTokarczuk, Olga$d(1962- )$2DBN
=650  \7$aFantastyka$2DBN
=650  \7$aLiteratura$2DBN
=655  \7$aArtykuł z czasopisma literackiego$2DBN
=658  \\$aLiteraturoznawstwo
=700  1\$aHernes, Michał$eWywiad
=773  0\$iW:$tNowa Fantastyka.$x0867-132X$g2019, nr 7, s. 14-16$w(PL)b0000001609694
=915  \\$aBZCz 2020/40976
=916  \\$aTokarczuk, Olga   (1962- )
=918  1\$aHernes, Michał
=931  \\$a82(091)+82.01/.09(045/046)
=946  \\$k2019
=955  \7$aArtykuł z czasopisma literackiego$2DBN
=958  \\$aLiteraturoznawstwo
=980  \\$aArtykuły
=999  \\$aBNzkdbzcz$bpfk$x05$y2020
  
