=LDR  01901naa a2200553 i 4500
=001  b1000000548194
=005  20211030064442.7
=008  200401s2020    pl            |0000 pol c
=009  9911462066205606
=015  \\$aPrasa 2020/04/01
=035  \\$a(PL)b1000000548194
=040  \\$aWA N$cWA N$dWA N
=045  0\$bd2020
=046  \\$k2020
=100  1\$aNogaś, Michał$d(1978- )$eAutor
=245  10$a41 godzin z Jakubem :$bnoblistka do słuchania /$cMichał Nogaś.
=246  3\$aCzterdzieści jeden godzin z Jakubem
=260  \\$c1 IV 2020.
=336  \\$aTekst$btxt$2rdacontent
=337  \\$aBez urządzenia pośredniczącego$bn$2rdamedia
=338  \\$aWolumin$bnc$2rdacarrier
=380  \\$aArtykuły
=388  1\$a2001-
=520  8\$aWydanie audiobuka "Ksiąg Jakubowych".
=600  17$aTokarczuk, Olga$d(1962- ).$tKsięgi Jakubowe albo Wielka podróż przez siedem granic, pięć języków i trzy duże religie, nie licząc tych małych$2DBN
=648  \7$a2001-$2DBN
=650  \7$aAudiobooki$2DBN
=650  \7$aEdytorstwo$2DBN
=650  \7$aLiteratura polska$2DBN
=651  \7$aPolska$2DBN
=655  \7$aArtykuł publicystyczny$2DBN
=658  \\$aBibliotekarstwo, archiwistyka, muzealnictwo
=773  0\$iW:$tGazeta Wyborcza (Wyd. zasadnicze).$x0860-908X$g2020, nr 77, s. 17$w(PL)b0000001301576
=915  \\$aPrasa 2020/04/01
=916  \\$aNogaś, Michał   (1978- )
=945  0\$b2020
=946  \\$k2020
=951  \7$aPolska$2DBN
=955  \7$aArtykuł publicystyczny$2DBN
=958  \\$aBibliotekarstwo, archiwistyka, muzealnictwo
=980  \\$aArtykuły
=999  \\$aBNzkdprasa$bjkr
  
