=LDR  01725naa a2200481 i 4500
=001  b1000000550657
=005  20220929122609.6
=008  200402s2019    pl       o   |000 0 pol c
=009  9911461616805606
=015  \\$aBZCz 2020/32010
=035  \\$a(PL)b1000000550657
=040  \\$aWA N$cWA N$dWA N
=045  0\$bd2018
=046  \\$k2019
=080  \\$a821.162.1(091)(045/046)
=100  1\$aKania, Agnieszka$eRecenzja
=245  10$aOpowiadania nieoswojone /$cAgnieszka Kania.
=260  \\$c2019.
=336  \\$aTekst$btxt$2rdacontent
=337  \\$aBez urządzenia pośredniczącego$bn$2rdamedia
=338  \\$aWolumin$bnc$2rdacarrier
=380  \\$aArtykuły
=388  1\$a2001-
=520  8\$aZawiera recenzję książki: Opowiadania bizarne / Olga Tokarczuk. - Kraków, 2018.
=600  17$aTokarczuk, Olga$d(1962- ).$tOpowiadania bizarne$2DBN
=648  \7$a2001-$2DBN
=650  \7$aLiteratura polska$2DBN
=655  \7$aArtykuł z czasopisma literackiego$2DBN
=658  \\$aLiteraturoznawstwo
=773  0\$iW:$tKsiążki : magazyn literacki.$x1642-2066$g2019, nr 6, s. 23$w(PL)b0000001554182
=915  \\$aBZCz 2020/32010
=916  \\$aKania, Agnieszka   
=931  \\$a821.162.1(091)(045/046)
=945  0\$b2018
=946  \\$k2019
=950  \\$uhttps://eu05.alma.exlibrisgroup.com/view/uresolver/48OMNIS_NETWORK/openurl?u.ignore_date_coverage=true&portfolio_pid=53697952640005066&Force_direct=true$zZobacz w Polonie$853697952640005066
=955  \7$aArtykuł z czasopisma literackiego$2DBN
=958  \\$aLiteraturoznawstwo
=980  \\$aArtykuły
=999  \\$aBNzkdbzcz$bjrb$x04$y2020
  
