=LDR  01863naa a2200613 i 4500
=001  b1000000552972
=005  20211030064023.0
=008  200406s2020    pl            |0000 pol c
=009  9911465161805606
=015  \\$aPrasa 2020/04/06
=035  \\$a(PL)b1000000552972
=040  \\$aWA N$cWA N$dWA N
=045  0\$bd2020
=046  \\$k2020
=100  1\$aTokarczuk, Olga$d(1962- )$eAutor
=245  10$aOkno /$cOlga Tokarczyk.
=260  \\$c4-5 IV 2020.
=336  \\$aTekst$btxt$2rdacontent
=337  \\$aBez urządzenia pośredniczącego$bn$2rdamedia
=338  \\$aWolumin$bnc$2rdacarrier
=380  \\$aArtykuły
=386  \\$mPrzynależność kulturowa$aLiteratura polska
=388  1\$a2001-
=500  \\$aFragment.
=600  17$aTokarczuk, Olga$d(1962- )$2DBN
=648  \7$a2001-$2DBN
=650  \7$aEpidemie$2DBN
=650  \7$aKoronawirusy$2DBN
=650  \7$aLęk$2DBN
=650  \7$aPolityka$2DBN
=650  \7$aSpołeczeństwo$2DBN
=651  \7$aPolska$2DBN
=655  \7$aArtykuł z gazety$2DBN
=658  \\$aPolityka, politologia, administracja publiczna
=773  0\$iW:$tGazeta Wyborcza (Wyd. zasadnicze).$x0860-908X$g2020, nr 80, s. 21$w(PL)b0000001301576
=915  \\$aPrasa 2020/04/06
=916  \\$aTokarczuk, Olga   (1962- )
=945  0\$b2020
=946  \\$k2020
=951  \7$aPolska$2DBN
=955  \7$aArtykuł z gazety$2DBN
=958  \\$aPolityka, politologia, administracja publiczna
=980  \\$aArtykuły
=986  \\$aLiteratura polska
=999  \\$aBNzkdprasa$bjkr
  
