=LDR  01977naa a2200541 i 4500
=001  b1000000556235
=005  20221224142250.5
=008  200408s2019    pl a         |000 0 pol c
=009  9911465019105606
=015  \\$aBZCz 2020/32275
=035  \\$a(PL)b1000000556235
=040  \\$aWA N$cWA N$dWA N
=045  2\$bd2018$bd2019
=046  \\$k2019
=080  \\$81.1\x$a821.162.1(091)(045/046)
=100  1\$aTenderenda-Ożóg, Ewa$eAutor
=245  10$aWielki sukces polskiej literatury :$bliteracki Nobel dla Tokarczuk /$cEwa Tenderenda-Ożóg.
=260  \\$c2019.
=336  \\$aTekst$btxt$2rdacontent
=337  \\$aBez urządzenia pośredniczącego$bn$2rdamedia
=338  \\$aWolumin$bnc$2rdacarrier
=380  \\$aArtykuły
=388  1\$a2001-
=600  17$aHandke, Peter$d(1942- )$2DBN
=648  \7$a2001-$2DBN
=650  \7$aLiteracka Nagroda Nobla$2DBN
=650  \7$aPisarze austriaccy$2DBN
=655  \7$aArtykuł z czasopisma literackiego$2DBN
=658  \\$aLiteraturoznawstwo
=773  0\$iW:$tKsiążki : magazyn literacki.$x1642-2066$g2019, nr 10, s. 7$w(PL)b0000001554182
=915  \\$aBZCz 2020/32275
=916  \\$aTenderenda-Ożóg, Ewa   
=931  \\$a821.162.1(091)(045/046)
=945  2\$b2018$b2019
=946  \\$k2019
=950  \\$uhttps://eu05.alma.exlibrisgroup.com/view/uresolver/48OMNIS_NETWORK/openurl?u.ignore_date_coverage=true&portfolio_pid=53698035710005066&Force_direct=true$zZobacz w Polonie$853698035710005066
=955  \7$aArtykuł z czasopisma literackiego$2DBN
=958  \\$aLiteraturoznawstwo
=980  \\$aArtykuły
=999  \\$aBNzkdbzcz$bjrb$x04$y2020
  
