=LDR  02093naa a2200613 i 4500
=001  b1000000558110
=005  20211030064735.1
=008  200409s2018    pl           |000 0 pol c
=009  9911464570005606
=015  \\$aBZCz 2020/32056
=024  7\$a10.15290/bsl.2018.13.14$2doi
=035  \\$a(OCoLC)1242202124
=040  \\$aWA N$cWA N$dWA N
=041  0\$apol$beng
=045  2\$bd1993$bd2018
=046  \\$k2018
=080  \\$81.1\x$a821.162.1(091)(045/046)
=100  1\$aLarenta, Anna$eAutor
=245  10$aGrzybnia jako metafora w twórczości Olgi Tokarczuk /$cAnna Larenta (Wydział Filologiczny. Uniwersytet w Białymstoku).
=260  \\$c2018.
=336  \\$aTekst$btxt$2rdacontent
=337  \\$aBez urządzenia pośredniczącego$bn$2rdamedia
=338  \\$aWolumin$bnc$2rdacarrier
=380  \\$aArtykuły
=388  1\$a2001-
=504  \\$aBibliografia, netografia na stronach 217-218.
=546  \\$aStreszczenie w języku angielskim.
=600  17$aTokarczuk, Olga$d(1962- )$2DBN
=648  \7$a1901-200$2DBN
=650  \7$aGrzyby$2DBN
=650  \7$aLiteratura polska$2DBN
=650  \7$aMetafora$2DBN
=655  \7$aArtykuł problemowy$2DBN
=655  \7$aArtykuł z czasopisma filologicznego$2DBN
=658  \\$aLiteraturoznawstwo
=710  2\$aWydział Filologiczny (Uniwersytet w Białymstoku)$4oth
=773  0\$iW:$tBiałostockie Studia Literaturoznawcze : BSL.$x2082-9701$g[Nr] 13 (2018), s.201-218$w(PL)b0000002666996
=915  \\$aBZCz 2020/32056
=916  \\$aLarenta, Anna   
=921  2\$aWydział Filologiczny (Uniwersytet w Białymstoku)
=931  \\$a821.162.1(091)(045/046)
=945  2\$b1993$b2018
=946  \\$k2018
=955  \7$aArtykuł problemowy$2DBN
=955  \7$aArtykuł z czasopisma filologicznego$2DBN
=958  \\$aLiteraturoznawstwo
=980  \\$aArtykuły
=999  \\$aBNzkdbzcz$bals$x04$y2020
  
