=LDR  01791naa a2200565 i 4500
=001  b1000000558968
=005  20211030064041.3
=008  200410s2019    pl           |000 0 pol c
=009  9911470149205606
=015  \\$aBZCz 2020/32015
=035  \\$a(OCoLC)1242205932
=040  \\$aWA N$cWA N$dWA N
=045  2\$bd2018$bd2019
=046  \\$k2019
=080  \\$a821.162.1(091)(045/046)
=100  1\$aKasprzycki, Robert$d(1969- )$eAutor
=245  10$aCięgi Jakubowe /$cRobert Kasprzycki.
=260  \\$c2019.
=336  \\$aTekst$btxt$2rdacontent
=337  \\$aBez urządzenia pośredniczącego$bn$2rdamedia
=338  \\$aWolumin$bnc$2rdacarrier
=380  \\$aArtykuły
=386  \\$mPrzynależność kulturowa$aLiteratura polska
=388  1\$a2001-
=600  17$aTokarczuk, Olga$d(1962- )$2DBN
=648  \7$a2001-$2DBN
=650  \7$aLiteracka Nagroda Nobla$2DBN
=650  \7$aLiteratura polska$2DBN
=650  \7$aOpinia publiczna$2DBN
=651  \7$aPolska$2DBN
=655  \7$aArtykuł z czasopisma literackiego$2DBN
=658  \\$aLiteraturoznawstwo
=773  0\$iW:$tTwoja Księgarnia : magazyn czytelników.$x1689-4960$g2019, nr 4, s. 12-13$w(PL)b0000002312175
=915  \\$aBZCz 2020/32015
=916  \\$aKasprzycki, Robert   (1969- )
=931  \\$a821.162.1(091)(045/046)
=945  2\$b2018$b2019
=946  \\$k2019
=951  \7$aPolska$2DBN
=955  \7$aArtykuł z czasopisma literackiego$2DBN
=958  \\$aLiteraturoznawstwo
=980  \\$aArtykuły
=986  \\$aLiteratura polska
=999  \\$aBNzkdbzcz$bjrb$x04$y2020
  
