=LDR  02422naa a2200637 i 4500
=001  b1000000559681
=005  20211030064327.1
=008  200413s2019    pl           |000 0 pol c
=009  9911470547805606
=015  \\$aBZCz 2020/31996
=024  7\$a10.31261/IR.2019.02.06$2doi
=035  \\$a(OCoLC)1242150845
=040  \\$aWA N$cWA N$dWA N
=041  0\$apol$beng$brus
=045  0\$bd2014
=046  \\$k2019
=080  \\$a821.162.1(091)(045/046)
=100  1\$aJeziorkowska-Polakowska, Anna$eAutor
=245  10$aPodróż z Jakubem Frankiem :$b"Księgi Jakubowe" Olgi Tokarczuk /$cAnna Jeziorkowska-Polakowska (Pracownia Literatury Polsko-Żydowskiej Katolickiego Uniwersytetu Lubelskiego Jana Pawła II).
=246  30$a"Księgi Jakubowe" Olgi Tokarczuk
=260  \\$c2019.
=336  \\$aTekst$btxt$2rdacontent
=337  \\$aBez urządzenia pośredniczącego$bn$2rdamedia
=338  \\$aWolumin$bnc$2rdacarrier
=380  \\$aArtykuły
=388  1\$a2001-
=546  \\$aStreszczenia w języku angielskim i rosyjskim.
=600  17$aTokarczuk, Olga$d(1962- ).$tKsięgi Jakubowe albo Wielka podróż przez siedem granic, pięć języków i trzy duże religie, nie licząc tych małych$2DBN
=648  \7$a2001-$2DBN
=650  \7$aLiteratura polska$2DBN
=650  \7$aPowieść historyczna$2DBN
=650  \7$aTematy i motywy$2DBN
=651  \7$aPolska$2DBN
=655  \7$aArtykuł problemowy$2DBN
=655  \7$aArtykuł z czasopisma filologicznego$2DBN
=658  \\$aLiteraturoznawstwo
=710  2\$aPracownia Literatury Polsko-Żydowskiej (Katolicki Uniwersytet Lubelski Jana Pawła II)$4oth
=773  0\$iW:$tIudaica Russica.$x2657-4261.$g2019, nr 1, s. 84-102$w(PL)b1000000323415
=915  \\$aBZCz 2020/31996
=916  \\$aJeziorkowska-Polakowska, Anna   
=921  2\$aPracownia Literatury Polsko-Żydowskiej (Katolicki Uniwersytet Lubelski Jana Pawła II)
=931  \\$a821.162.1(091)(045/046)
=945  0\$b2014
=946  \\$k2019
=951  \7$aPolska$2DBN
=955  \7$aArtykuł problemowy$2DBN
=955  \7$aArtykuł z czasopisma filologicznego$2DBN
=958  \\$aLiteraturoznawstwo
=980  \\$aArtykuły
=999  \\$aBNzkdbzcz$bat$x04$y2020
  
