=LDR  01974naa a2200493 i 4500
=001  b1000000560030
=005  20211030064041.3
=008  200414s2020    pl       o    |0000 pol c 
=009  9911470030305606
=015  \\$aPrasa 2020/04/14
=035  \\$a(OCoLC)1242245557
=040  \\$aGD W$cGD W$dWA N
=045  1\$bd2014$bd2020
=046  \\$k2020
=100  1\$aCieślak, Jacek$eRecenzja
=245  10$aNasza próba generalna /$cJacek Cieślak.
=260  \\$c10 IV 2020.
=336  \\$aTekst$btxt$2rdacontent
=337  \\$aBez urządzenia pośredniczącego$bn$2rdamedia
=338  \\$aWolumin$bnc$2rdacarrier
=380  \\$aArtykuły
=388  1\$a2001-
=520  8\$aZawiera recenzję książki (wydanie w audiobooku): Księgi Jakubowe albo Wielka podróż przez siedem granic, pięć języków i trzy duże religie, nie licząc tych małych : opowiadana przez zmarłych, a przez autorkę dopełniona metodą koniektury, z wielu rozmaitych ksiąg zaczerpnięta, a także wspomożona imaginacją, która to jest największym naturalnym darem człowieka / Olga Tokarczuk. - Kraków, 2020.
=600  17$aTokarczuk, Olga$d(1962- ).$tKsięgi Jakubowe albo Wielka podróż przez siedem granic, pięć języków i trzy duże religie, nie licząc tych małych$2DBN
=648  \7$a2001-$2DBN
=650  \7$aAudiobooki$2DBN
=650  \7$aLiteratura polska$2DBN
=655  \7$aArtykuł z gazety$2DBN
=658  \\$aHistoria
=773  0\$iW:$tRzeczpospolita (Wyd. zasadnicze).$x0208-9130$g2020, nr 85, s. A12$w(PL)b0000001472831
=915  \\$aPrasa 2020/04/14
=916  \\$aCieślak, Jacek   
=945  1\$b2014$b2020
=946  \\$k2020
=955  \7$aArtykuł z gazety$2DBN
=958  \\$aHistoria
=980  \\$aArtykuły
=999  \\$abzczp$bGD W ij
  
