=LDR  02823naa a2200721 i 4500
=001  b1000000564547
=005  20211030063941.3
=008  200417s2016    pl           |000 0 pol c
=009  9911471725405606
=035  \\$a(OCoLC)1242196373
=040  \\$aWA N$cWA N$dWA N
=045  1\$bd2009$bd2014
=046  \\$k2016
=080  \\$81.1\x$a821.162.1(091)(045/046)
=100  1\$aPieczyńska, Bernadetta$eAutor
=245  10$aWokół mitologii "Obcego" w kulturze hiszpańskiej i polskiej na przykładzie powieści historycznych :$b"Ręka Fatimy" Ildefonso Falconesa i "Ksiąg Jakubowych" Olgi Tokarczuk /$cBernadetta Pieczyńska (Wyższa Szkoła Języków Obcych im. Samuela B. Lindego w Poznaniu).
=260  \\$c2016.
=336  \\$aTekst$btxt$2rdacontent
=337  \\$aBez urządzenia pośredniczącego$bn$2rdamedia
=338  \\$aWolumin$bnc$2rdacarrier
=380  \\$aArtykuły
=388  1\$a2001-
=600  17$aFalcones, Ildefonso$d(1959- ).$tMano de Fátima$2DBN
=648  \7$a2001-$2DBN
=650  \7$aAlienacja$2DBN
=650  \7$aChrześcijanie$2DBN
=650  \7$aInność$2DBN
=650  \7$aIslam$2DBN
=650  \7$aKatolicyzm$2DBN
=650  \7$aKultura$2DBN
=650  \7$aLiteratura hiszpańska$2DBN
=650  \7$aLiteratura polska$2DBN
=650  \7$aMit$2DBN
=650  \7$aMuzułmanie$2DBN
=650  \7$aPamięć zbiorowa$2DBN
=650  \7$aPowieść historyczna$2DBN
=650  \7$aTematy i motywy$2DBN
=651  \7$aHiszpania$2DBN
=655  \7$aArtykuł problemowy$2DBN
=658  \\$aLiteraturoznawstwo
=710  2\$aWyższa Szkoła Języków Obcych im. Samuela Bogumiła Lindego (Poznań)$4oth
=773  0\$iW:$tMitologizacja człowieka w kulturze i literaturze iberyjskiej i polskiej = Mitificación del hombre en la cultura y literatura ibérica y polaca = Mitificação do homem na cultura e literatura ibérica e polaca.$gs. 139-148$w(PL)b0000005466370
=916  \\$aPieczyńska, Bernadetta   
=921  2\$aWyższa Szkoła Języków Obcych im. Samuela Bogumiła Lindego (Poznań).
=931  \\$a821.162.1(091)(045/046)
=945  1\$b2009$b2014
=946  \\$k2016
=951  \7$aHiszpania$2DBN
=955  \7$aArtykuł problemowy$2DBN
=958  \\$aLiteraturoznawstwo
=980  \\$aArtykuły
=999  \\$aBNzkdroz$blsz
  
