=LDR  01977naa a2200565 i 4500
=001  b1000000567396
=005  20211030063708.5
=008  200421s2019    pl           |000 0 pol c
=009  9911475561505606
=035  \\$a(OCoLC)1242202039
=040  \\$aWA N$cWA N$dWA N
=045  2\$bd1876$bd1998
=046  \\$k2019
=080  \\$81.1\x$a821.162.1(091)(045/046)
=100  1\$aGrigorova, Margreta$d(1964- )$eAutor
=245  10$aPewien polsko-czeski dialog :$blegenda o brodatej świętej u Olgi Tokarczuk (Dom dzienny, dom nocny, 1998) i Jakuba Arbesa (Ukrzyżowana, 1876) /$cMargreta Grigorowa.
=260  \\$c2019.
=336  \\$aTekst$btxt$2rdacontent
=337  \\$aBez urządzenia pośredniczącego$bn$2rdamedia
=338  \\$aWolumin$bnc$2rdacarrier
=380  \\$aArtykuły
=388  1\$a2001-
=600  17$aArbes, Jakub$d(1840-1914).$tUkřižovaná$2DBN
=600  17$aTokarczuk, Olga$d(1962- ).$tDom dzienny, dom nocny$2DBN
=648  \7$a1801-1900$2DBN
=648  \7$a1901-2000$2DBN
=650  \7$aLiteratura czeska$2DBN
=650  \7$aLiteratura polska$2DBN
=650  \7$aPowieść$2DBN
=655  \7$aArtykuł problemowy$2DBN
=658  \\$aLiteraturoznawstwo
=773  0\$iW:$tSłowacja, Europa Środkowa i jeszcze dalej : tom dedykowany profesor Joannie Goszczyńskiej$gs. 481-496$w(PL)b1000000503872
=916  \\$aGrigorova, Margreta   (1964- )
=931  \\$a821.162.1(091)(045/046)
=945  2\$b1876$b1998
=946  \\$k2019
=955  \7$aArtykuł problemowy$2DBN
=958  \\$aLiteraturoznawstwo
=980  \\$aArtykuły
=999  \\$aBNzkdroz$brs
  
