=LDR  01422naa a2200421 i 4500
=001  b1000000615587
=005  20211030063844.8
=008  150929s2015####pl###########|000#0#pol#c
=009  9911488805405606
=015  \\$aBL 2015
=035  \\$aLUBL\M2015004003
=040  \\$aLUBL M$cLUBL M$dLUBL M
=041  0\$apol
=100  1\$aKolęda, Kamila
=245  00$aTokarczuk odpowiadała czytelnikom /$cKamila Kolęda.
=260  \\$c2015
=336  \\$aTekst$btxt$2rdacontent
=337  \\$aBez urządzenia pośredniczącego$bn$2rdamedia
=338  \\$aWolumin$bnc$2rdacarrier
=380  \\$aArtykuły
=500  \\$aFot. kolor.
=520  \\$aSygn. 2183 c.
=600  17$aTokarczuk, Olga$d(1962- )
=610  27$aMiejska Biblioteka Publiczna (Biała Podlaska)
=611  27$aBialski Festiwal Okołoliteracki$n(7 ;$d2015 ;$cBiała Podlaska)
=650  \7$aKultura$xkonkursy i festiwale$y2015 r.
=651  \7$aBiała Podlaska (woj. lubelskie ; okolice)$xkultura$xkonkursy i festiwale$y2015 r.
=693  \\$a11.04.02$fBiała Podlaska
=699  \\$c01.04.02$eTokarczuk, Olga
=740  0\$aSłowo Podlasia
=773  0\$iW:$tSłowo Podlasia.$g2015, nr 39, s. 19
=915  \\$aBL 2015
=916  \\$aKolęda, Kamila   
=951  \7$aBiała Podlaska (woj. lubelskie ; okolice)$xkultura$xkonkursy i festiwale$y2015 r.
=980  \\$aArtykuły
=999  \\$aTD$bdw
  
