=LDR  02080naa a2200637 i 4500
=001  b1000000647558
=005  20211030064556.8
=008  200515s2018    pl           |000 0 pol c
=009  9911498341705606
=015  \\$aPrasa 2020/05/15
=035  \\$a(OCoLC)1242200864
=040  \\$aZGÓRA M$cZGÓRA M$dWA N
=045  0\$bd1945$bd2019
=046  \\$k2019
=100  1\$aPłóciennik, Szymon$eAutor
=245  10$aTokarczuk i jej Klenica /$cSzymon Płóciennik.
=260  \\$c11 X 2019.
=336  \\$aTekst$btxt$2rdacontent
=337  \\$aBez urządzenia pośredniczącego$bn$2rdamedia
=338  \\$aWolumin$bnc$2rdacarrier
=380  \\$aArtykuły
=388  1\$a2001-
=600  17$aTokarczuk, Olga$d(1962- )$2DBN
=648  \7$a1901-2000$2DBN
=648  \7$a1945-1989$2DBN
=648  \7$a1989-2000$2DBN
=650  \7$aDzieciństwo$2DBN
=650  \7$aLiteracka Nagroda Nobla$2DBN
=650  \7$aPisarze polscy$2DBN
=650  \7$aRodzice$2DBN
=651  \7$aKlenica (woj. lubuskie, pow. zielonogórski, gm. Bojadła)$2DBN
=655  \7$aArtykuł publicystyczny$2DBN
=655  \7$aArtykuł z czasopisma regionalnego i lokalnego$2DBN
=658  \\$aHistoria
=658  \\$aLiteraturoznawstwo
=773  0\$iW:$tGazeta Wyborcza (Zielona Góra)$g2019, nr 238, s. 6$w(PL)b0000002032370
=915  \\$aPrasa 2020/05/15
=916  \\$aPłóciennik, Szymon   
=945  0\$b1945$b2019
=946  \\$k2019
=951  \7$aKlenica (woj. lubuskie, pow. zielonogórski, gm. Bojadła)$2DBN
=955  \7$aArtykuł publicystyczny$2DBN
=955  \7$aArtykuł z czasopisma regionalnego i lokalnego$2DBN
=958  \\$aHistoria
=958  \\$aLiteraturoznawstwo
=980  \\$aArtykuły
=999  \\$aZGÓRA M$bUM
  
