=LDR  01784naa a2200553 i 4500
=001  b1000000649826
=005  20211030063727.3
=008  200519s2019    pl           |000 0 pol c
=009  9911498289405606
=035  \\$a(PL)b1000000649826
=040  \\$aWA N$cWA N$dWA N
=041  0\$apol$beng$bmac
=045  2\$b1996$bd2007
=046  \\$k2019
=080  \\$a80/81(045/046)
=100  1\$aBłaszak, Magdalena$d(1980- )$eAutor
=245  10$aPartykuły "dali" i "li" w macedońskich przekładach prozy Olgi Tokarczuk /$cMagdalena Błaszak (Uniwersytet Śląski),
=260  \\$c2019.
=336  \\$aTekst$btxt$2rdacontent
=337  \\$aBez urządzenia pośredniczącego$bn$2rdamedia
=338  \\$aWolumin$bnc$2rdacarrier
=380  \\$aArtykuły
=388  1\$a2001-
=504  \\$aBibliografia, netografia na stronach 43-44
=546  \\$aStreszczenia w języku angielskim i macedońskim.
=600  17$aTokarczuk, Olga$d(1962- )$2DBN
=648  \7$a1901-2000$2DBN
=648  \7$a1989-2000$2DBN
=650  \7$aJęzyk macedoński$2DBN
=650  \7$aJęzyk polski$2DBN
=650  \7$aLiteratura polska$2DBN
=650  \7$aPartykuła$2DBN
=655  \7$aArtykuł problemowy$2DBN
=658  \\$aJęzykoznawstwo
=773  0\$iW:$tWyraz i zdanie w językach słowiańskich : monografia I.$gs. 35-45$w(PL)b1000000476555
=916  \\$aBłaszak, Magdalena   (1980- )
=931  \\$a80/81(045/046)
=945  2\$b1996$b2007
=946  \\$k2019
=955  \7$aArtykuł problemowy$2DBN
=958  \\$aJęzykoznawstwo
=980  \\$aArtykuły
=999  \\$aBNzkdroz$bat
  
