=LDR  02421naa a2200757 a 4500
=001  b1000000660555
=005  20211030063537.3
=008  200528s2020    pl            |0000 pol c
=009  9911508658605606
=015  \\$aPrasa 2020/05/28
=035  \\$a(OCoLC)1242140711
=040  \\$aPOZN W$cPOZN W$dWA N
=045  2\$bd1993$bd2020
=046  \\$k2020
=100  1\$aWprost$eAutor
=245  10$a50 Najbardziej wpływowych Polek /$cWprost.
=260  \\$c2-8 III 2020.
=336  \\$aTekst$btxt$2rdacontent
=337  \\$aBez urządzenia pośredniczącego$bn$2rdamedia
=338  \\$aWolumin$bnc$2rdacarrier
=380  \\$aArtykuły
=388  1\$a2001-
=600  17$aGersdorf, Małgorzata$d(1952- )$2DBN
=600  17$aKidawa-Błońska, Małgorzata$d(1957- )$2DBN
=600  17$aLewandowska, Anna$d(1988- )$2DBN
=600  17$aOchojska, Janina Maria.$2DBN
=648  \7$a1901-2000$2DBN
=648  \7$a1989-2000$2DBN
=650  \7$aAktorzy$2DBN
=650  \7$aDziennikarze$2DBN
=650  \7$aKobieta$2DBN
=650  \7$aPisarze$2DBN
=650  \7$aPolitycy$2DBN
=650  \7$aPrzedsiębiorcy$2DBN
=650  \7$aSędziowie$2DBN
=651  \7$aPolska$2DBN
=655  \7$aArtykuł publicystyczny$2DBN
=658  \\$aKultura i sztuka
=658  \\$aMedia i komunikacja społeczna
=658  \\$aPolityka, politologia, administracja publiczna
=658  \\$aPraca, kariera, pieniądze
=658  \\$aPrawo i wymiar sprawiedliwości
=773  0\$iW:$tWprost (Poznań).$x0209-1747.$g2020, nr 10, s. 19-30$w(PL)b0000001538668
=915  \\$aPrasa 2020/05/28
=916  \\$aWprost   
=945  2\$b1993$b2020
=946  \\$k2020
=951  \7$aPolska$2DBN
=955  \7$aArtykuł publicystyczny$2DBN
=958  \\$aKultura i sztuka
=958  \\$aMedia i komunikacja społeczna
=958  \\$aPolityka, politologia, administracja publiczna
=958  \\$aPraca, kariera, pieniądze
=958  \\$aPrawo i wymiar sprawiedliwości
=980  \\$aArtykuły
=999  \\$aPOZN W$bmd
  
