=LDR  02019naa a2200577 i 4500
=001  b1000000661789
=005  20211030063537.3
=008  200529s2018    pl           |000 0 pol c
=009  9911508733005606
=015  \\$aPrasa 2020/05/29
=035  \\$a(PL)b1000000661789
=040  \\$aZGÓRA M$cZGÓRA M$dWA N
=045  0\$bd2019
=046  \\$k2019
=100  1\$aPłóciennik, Szymon$eAutor
=245  10$aRadni PiS nie cenią Tokarczuk? /$cSzymon Płóciennik.
=246  3\$aRadni Prawa i Sprawiedliwości nie cenią Tokarczuk
=260  \\$c12 XII 2019.
=336  \\$aTekst$btxt$2rdacontent
=337  \\$aBez urządzenia pośredniczącego$bn$2rdamedia
=338  \\$aWolumin$bnc$2rdacarrier
=380  \\$aArtykuły
=388  1\$a2001-
=520  8\$aPrzyznanie Oldze Tokarczuk honorowego wyróżnienia przez radnych powiatu zielonogórskiego.
=600  17$aTokarczuk, Olga$d(1962- )$2DBN
=648  \7$a2001-$2DBN
=650  \7$aHonorowi obywatele$2DBN
=650  \7$aPisarze polscy$2DBN
=650  \7$aRadni$2DBN
=651  \7$aZielona Góra (woj. lubuskie)$2DBN
=655  \7$aArtykuł publicystyczny$2DBN
=655  \7$aArtykuł z czasopisma regionalnego i lokalnego$2DBN
=658  \\$aLiteraturoznawstwo
=773  0\$iW:$tGazeta Wyborcza (Zielona Góra)$g2019, nr 289, s. 8$w(PL)b0000002032370
=915  \\$aPrasa 2020/05/29
=916  \\$aPłóciennik, Szymon.   
=945  0\$b2019
=946  \\$k2019
=951  \7$aZielona Góra (woj. lubuskie)$2DBN
=955  \7$aArtykuł publicystyczny$2DBN
=955  \7$aArtykuł z czasopisma regionalnego i lokalnego$2DBN
=958  \\$aLiteraturoznawstwo
=980  \\$aArtykuły
=999  \\$aZGÓRA M$bUM
  
