=LDR  02382naa a2200673 i 4500
=001  b1000000661895
=005  20211030064424.5
=008  200529s2018    pl           |000 0 pol c
=009  9911508731705606
=015  \\$aPrasa 2020/05/29
=035  \\$a(PL)b1000000661895
=040  \\$aZGÓRA M$cZGÓRA M$dWA N
=045  2\$bd1962$bd1971
=046  \\$k2019
=100  1\$aPłóciennik, Szymon$eAutor
=245  10$aRaj o zapachu kawy i papierosów. I książki, wszędzie książki /$cSzymon Płóciennik.
=260  \\$c13 XII 2019.
=336  \\$aTekst$btxt$2rdacontent
=337  \\$aBez urządzenia pośredniczącego$bn$2rdamedia
=338  \\$aWolumin$bnc$2rdacarrier
=380  \\$aArtykuły
=388  1\$a2001-
=520  8\$aDzieciństwo Olgi Tokarczuk i działalność rodziców pisarki w Lubuskim Uniwersytecie Ludowym w Klenicy.
=600  17$aTokarczuk, Józef$2DBN
=600  17$aTokarczuk, Olga$d(1962- )$2DBN
=610  27$aLubuski Uniwersytet Ludowy (Klenica)$2DBN
=648  \7$a1901-2000$2DBN
=650  \7$aDzieciństwo$2DBN
=650  \7$aNauczyciele języka polskiego$2DBN
=650  \7$aNauczyciele tańca$2DBN
=650  \7$aPisarze polscy$2DBN
=650  \7$aRodzice$2DBN
=650  \7$aUniwersytety ludowe$2DBN
=651  \7$aKlenica (woj. lubuskie, pow. zielonogórski, gm. Bojadła)$2DBN
=655  \7$aArtykuł publicystyczny$2DBN
=655  \7$aArtykuł z czasopisma regionalnego i lokalnego$2DBN
=658  \\$aHistoria
=658  \\$aLiteraturoznawstwo
=773  0\$iW:$tGazeta Wyborcza (Zielona Góra)$g2019, nr 290, s. 6-7$w(PL)b0000002032370
=915  \\$aPrasa 2020/05/29
=916  \\$aPłóciennik, Szymon.   
=945  2\$b1962$b1971
=946  \\$k2019
=951  \7$aKlenica (woj. lubuskie, pow. zielonogórski, gm. Bojadła)$2DBN
=955  \7$aArtykuł publicystyczny$2DBN
=955  \7$aArtykuł z czasopisma regionalnego i lokalnego$2DBN
=958  \\$aHistoria
=958  \\$aLiteraturoznawstwo
=980  \\$aArtykuły
=999  \\$aZGÓRA M$bUM
  
