=LDR  02071naa a2200601 i 4500
=001  b1000000664240
=005  20221002115102.2
=008  200602s2020    pl           |000 0 pol c
=009  9911510656605606
=015  \\$aBZCz 2020/47048
=035  \\$a(OCoLC)1242058058
=040  \\$aWA N$cWA N$dWA N
=045  2\$bd1993$bd2020
=046  \\$k2020
=080  \\$a821.162.1(091)(045/046)
=100  1\$aSosnowski, Jerzy$d(1962- )$eAutor
=245  10$aI wtedy będziemy wiedzieli /$cJerzy Sosnowski.
=260  \\$c2020.
=336  \\$aTekst$btxt$2rdacontent
=337  \\$aBez urządzenia pośredniczącego$bn$2rdamedia
=338  \\$aWolumin$bnc$2rdacarrier
=380  \\$aArtykuły
=388  1\$a2001-
=600  17$aTokarczuk, Olga$d(1962- )$2DBN
=648  \7$a1901-2000$2DBN
=648  \7$a1989-2000$2DBN
=650  \7$aDuchowość religijna$2DBN
=650  \7$aEsej$2DBN
=650  \7$aLiteracka Nagroda Nobla$2DBN
=650  \7$aLiteratura polska$2DBN
=650  \7$aPisarze polscy$2DBN
=650  \7$aPowieść$2DBN
=650  \7$aReligijność$2DBN
=655  \7$aArtykuł monograficzny$2DBN
=658  \\$aLiteraturoznawstwo$2DBN
=773  0\$iW:$tWięź.$x0511-9405$g2020, nr 1, s. 161-179$w(PL)b0000005098252
=915  \\$aBZCz 2020/47048
=916  \\$aSosnowski, Jerzy   (1962- )
=931  \\$a821.162.1(091)(045/046)
=945  2\$b1993$b2020
=946  \\$k2020
=950  \\$uhttps://eu05.alma.exlibrisgroup.com/view/uresolver/48OMNIS_NETWORK/openurl?u.ignore_date_coverage=true&portfolio_pid=53697449120005066&Force_direct=true$zZobacz w Polonie$853697449120005066
=955  \7$aArtykuł monograficzny$2DBN
=958  \\$aLiteraturoznawstwo$2DBN
=980  \\$aArtykuły
=999  \\$aBNzkdbzcz$bpg$x06$y2020
  
