=LDR  02384naa a2200673 i 4500
=001  b1000000666390
=005  20220922135519.4
=008  200603s2020    pl           |000 0 pol c
=009  9911510389505606
=015  \\$aBZCz 2020/46766
=035  \\$a(OCoLC)1242140660
=040  \\$aWA N$cWA N$dWA N
=045  2\$bd1998$bd2014
=046  \\$k2020
=080  \\$a80/81(045/046)
=100  1\$aPaszek, Jerzy$d(1940- )$eAutor
=245  10$aSłowo po słowie aż po posłowie :$bo stylu prozy Olgi Tokarczuk : po-gwarki profesora /$cJerzy Paszek.
=260  \\$c2020.
=336  \\$aTekst$btxt$2rdacontent
=337  \\$aBez urządzenia pośredniczącego$bn$2rdamedia
=338  \\$aWolumin$bnc$2rdacarrier
=380  \\$aArtykuły
=388  1\$a2001-
=600  17$aTokarczuk, Olga$d(1962- )$2DBN
=648  \7$a1901-2000$2DBN
=648  \7$a1989-2000$2DBN
=650  \7$aAluzja literacka$2DBN
=650  \7$aAnagram$2DBN
=650  \7$aFrazeologia$2DBN
=650  \7$aGra słów$2DBN
=650  \7$aNumerologia$2DBN
=650  \7$aOnomastyka$2DBN
=650  \7$aStylistyka$2DBN
=650  \7$aTajemnica$2DBN
=651  \7$aPolska$2DBN
=655  \7$aProza$2DBN
=655  \7$aArtykuł problemowy$2DBN
=658  \\$aJęzykoznawstwo
=773  0\$iW:$tŚląsk : miesięcznik społeczno-kulturalny.$x1425-3917$gR. 26, nr 3 (2020), s. 62-63$w(PL)b0000001101969
=915  \\$aBZCz 2020/46766
=916  \\$aPaszek, Jerzy   (1940- )
=931  \\$a80/81(045/046)
=945  2\$b1998$b2014
=946  \\$k2020
=950  \\$uhttps://eu05.alma.exlibrisgroup.com/view/uresolver/48OMNIS_NETWORK/openurl?u.ignore_date_coverage=true&portfolio_pid=53697348460005066&Force_direct=true$zZobacz w Polonie$853697348460005066
=951  \7$aPolska$2DBN
=955  \7$aProza$2DBN
=955  \7$aArtykuł problemowy$2DBN
=958  \\$aJęzykoznawstwo
=980  \\$aArtykuły
=999  \\$aBNzkdbzcz$bkg$x06$y2020
  
