=LDR  02263naa a2200625 i 4500
=001  b1000000675220
=005  20220928133420.6
=008  200615s2019    pl           |000 0 pol c
=009  9911516252105606
=015  \\$aBZCz 2020/47004
=024  7\$a10.18318/td.2019.5.8$2doi
=035  \\$a(OCoLC)1242369904
=040  \\$aWA N$cWA N$dWA N
=041  0\$apol$beng
=045  2\$bd2018
=046  \\$k2019
=080  \\$81.1\x$a821.162.1(091)(045/046)
=100  1\$aMarcela, Mikołaj$d(1985- )$eAutor
=245  10$aMiłuj klona swego jak siebie samego :$bklonowanie a narcyzm w "Wizycie" Olgi Tokarczuk /$cMikołaj Marcela.
=246  30$aKlonowanie a narcyzm w "Wizycie" Olgi Tokarczuk.
=260  \\$c2019.
=336  \\$aTekst$btxt$2rdacontent
=337  \\$aBez urządzenia pośredniczącego$bn$2rdamedia
=338  \\$aWolumin$bnc$2rdacarrier
=380  \\$aArtykuły
=388  1\$a2001-
=546  \\$aStreszczenie w języku angielskim.
=600  17$aTokarczuk, Olga$d(1962- ).$tWizyta$2DBN
=648  \7$a2001-$2DBN
=650  \7$aKlonowanie$2DBN
=650  \7$aLiteratura polska$2DBN
=650  \7$aNarcyzm$2DBN
=650  \7$aOpowiadania i nowele$2DBN
=650  \7$aRetrotopia$2DBN
=655  \7$aArtykuł z czasopisma filologicznego$2DBN
=655  \7$aArtykuł z czasopisma naukowego$2DBN
=658  \\$aLiteraturoznawstwo
=773  0\$iW:$tTeksty Drugie : teoria literatury, krytyka, interpretacja.$x0867-0633$g2019, nr 5, s. 139-154$w(PL)b0000001297122
=915  \\$aBZCz 2020/47004
=916  \\$aMarcela, Mikołaj   (1985- )
=931  \\$a821.162.1(091)(045/046)
=945  2\$b2018
=946  \\$k2019
=950  \\$uhttps://eu05.alma.exlibrisgroup.com/view/uresolver/48OMNIS_NETWORK/openurl?u.ignore_date_coverage=true&portfolio_pid=53697667150005066&Force_direct=true$zZobacz w Polonie$853697667150005066
=955  \7$aArtykuł z czasopisma filologicznego$2DBN
=955  \7$aArtykuł z czasopisma naukowego$2DBN
=958  \\$aLiteraturoznawstwo
=980  \\$aArtykuły
=999  \\$aBNzkdbzcz$bjjk$x06$y2020
  
