=LDR  02602naa a2200697 i 4500
=001  b1000000680367
=005  20220922135504.7
=008  200619s2020    pl           |000 0 pol c
=009  9911518865805606
=015  \\$aBZCz 2020/46961
=035  \\$a(OCoLC)1242253592
=040  \\$aWA N$cWA N$dWA N
=045  2\$bd1996$bd2019
=046  \\$k2020
=080  \\$81.1\x$a821.162.1(091)(045/046)
=100  1\$aGutowski, Piotr$d(1961- )$eAutor
=245  10$aCzy możliwa jest metafizyka w literaturze współczesnej? :$bna kanwie wykładów noblowskich Wisławy Szymborskiej i Olgi Tokarczuk /$cPiotr Gutowski.
=246  30$aNa kanwie wykładów noblowskich Wisławy Szymborskiej i Olgi Tokarczuk.
=260  \\$c2020.
=336  \\$aTekst$btxt$2rdacontent
=337  \\$aBez urządzenia pośredniczącego$bn$2rdamedia
=338  \\$aWolumin$bnc$2rdacarrier
=380  \\$aArtykuły
=388  1\$a2001-
=504  \\$aBibliografia, netografia na stronach 54-55.
=600  17$aSzymborska, Wisława$d(1923-2012).$tPoeta i świat$2DBN
=648  \7$a1901-2000$2DBN
=648  \7$a1989-2000$2DBN
=650  \7$aEsej$2DBN
=650  \7$aFilozofia$2DBN
=650  \7$aLiteratura$2DBN
=650  \7$aLiteratura polska$2DBN
=650  \7$aMetafizyka$2DBN
=650  \7$aNagroda Nobla$2DBN
=650  \7$aOdczyty$2DBN
=650  \7$aPoezja$2DBN
=655  \7$aArtykuł publicystyczny$2DBN
=655  \7$aArtykuł z czasopisma literackiego$2DBN
=658  \\$aLiteraturoznawstwo
=773  0\$iW:$tAkcent (Lublin).$x0208-6220$gR. 41, nr 2 (2020), s. 36-55$w(PL)b0000001101525
=915  \\$aBZCz 2020/46961
=916  \\$aGutowski, Piotr   (1961- )
=931  \\$a821.162.1(091)(045/046)
=945  2\$b1996$b2019
=946  \\$k2020
=950  \\$uhttps://eu05.alma.exlibrisgroup.com/view/uresolver/48OMNIS_NETWORK/openurl?u.ignore_date_coverage=true&portfolio_pid=53697842670005066&Force_direct=true$zZobacz w Polonie$853697842670005066
=955  \7$aArtykuł publicystyczny$2DBN
=955  \7$aArtykuł z czasopisma literackiego$2DBN
=958  \\$aLiteraturoznawstwo
=980  \\$aArtykuły
=999  \\$aBNzkdbzcz$bjjk$x06$y2020
  
