=LDR  02532naa a2200661 i 4500
=001  b1000000689482
=005  20211030063922.1
=008  200629s2015    pl           |000 0 pol c
=009  9911520093105606
=035  \\$a(OCoLC)1242130538
=040  \\$aWA N$cWA N$dWA N
=045  2\$bd1701$bd1800
=046  \\$k2015
=080  \\$81.1\x$a316(045/046)
=080  \\$81.2\x$a93/94(045/046)
=100  1\$aGórecka, Ewa$c(polonista)$eAutor
=245  10$aBrud jako znak kultury :$bliterackie obrazy higieny w XVIII wieku w "Księgach Jakubowych" Olgi Tokarczuk /$cEwa Górecka (Uniwersytet Kazimierza Wielkiego w Bydgoszczy. Instytut Filologii Polskiej i Kulturoznawstwa. Zakład Teorii Literatury i Wiedzy o Sztuce).
=260  \\$c2015.
=336  \\$aTekst$btxt$2rdacontent
=337  \\$aBez urządzenia pośredniczącego$bn$2rdamedia
=338  \\$aWolumin$bnc$2rdacarrier
=380  \\$aArtykuły
=388  1\$a2001-
=600  17$aTokarczuk, Olga$d(1962- ).$tKsięgi Jakubowe albo Wielka podróż przez siedem granic, pięć języków i trzy duże religie, nie licząc tych małych$2DBN
=648  \7$a1701-1800$2DBN
=650  \7$aHigiena$2DBN
=650  \7$aLiteratura polska$2DBN
=650  \7$aTematy i motywy$2DBN
=651  \7$aAzja Mniejsza (Turcja ; półwysep)$2DBN
=655  \7$aAnaliza i interpretacja$2DBN
=658  \\$aHistoria
=658  \\$aLiteraturoznawstwo
=710  2\$aZakład Teorii Literatury i Wiedzy o Sztuce (Uniwersytet Kazimierza Wielkiego ; Bydgoszcz)$4oth
=773  0\$iW:$tCzystość i brud : higiena nowożytna (XV-XVIII w.).$gs. 429-443$w(PL)b0000005203548
=916  \\$aGórecka, Ewa  (polonista) 
=921  2\$aZakład Teorii Literatury i Wiedzy o Sztuce (Uniwersytet Kazimierza Wielkiego ; Bydgoszcz)
=931  \\$a316(045/046)
=931  \\$a93/94(045/046)
=945  2\$b1701$b1800
=946  \\$k2015
=951  \7$aAzja Mniejsza (Turcja ; półwysep)$2DBN
=955  \7$aAnaliza i interpretacja$2DBN
=958  \\$aHistoria
=958  \\$aLiteraturoznawstwo
=980  \\$aArtykuły
=999  \\$aBNzkdroz$bar
  
