=LDR  02100naa a2200625 i 4500
=001  b1000000691034
=005  20220922135514.8
=008  200630s2019    pl           |000 0 pol c
=009  9911520507005606
=015  \\$aBZCz 2020/46985
=035  \\$a(OCoLC)1242192884
=040  \\$aWA N$cWA N$dWA N
=045  2\$bd1962$bd2019
=046  \\$k2019
=080  \\$a821.162.1(091)(045/046)
=100  1\$aKról, Anna$d(1979- )$eAutor
=245  10$aZaginąć w świecie /$cAnna Król.
=260  \\$c2019.
=336  \\$aTekst$btxt$2rdacontent
=337  \\$aBez urządzenia pośredniczącego$bn$2rdamedia
=338  \\$aWolumin$bnc$2rdacarrier
=380  \\$aArtykuły
=388  1\$a2001-
=600  17$aKról, Anna$d(1979- )$2DBN
=648  \7$a1901-2000$2DBN
=648  \7$a1945-1989$2DBN
=648  \7$a1989-2000$2DBN
=650  \7$aLiteratura polska$2DBN
=650  \7$aLaureaci$2DBN
=650  \7$aLiteracka Nagroda Nobla$2DBN
=650  \7$aNagroda Nobla$2DBN
=650  \7$aPamiętniki i wspomnienia$2DBN
=651  \7$aPolska$2DBN
=655  \7$aArtykuł publicystyczny$2DBN
=658  \\$aLiteraturoznawstwo
=773  0\$iW:$tW Drodze (Poznań).$x0137-480X$g2019, nr 11, s. 128-132$w(PL)b0000001526348
=915  \\$aBZCz 2020/46985
=916  \\$aKról, Anna   (1979- )
=931  \\$a821.162.1(091)(045/046)
=945  2\$b1962$b2019
=946  \\$k2019
=950  \\$uhttps://eu05.alma.exlibrisgroup.com/view/uresolver/48OMNIS_NETWORK/openurl?u.ignore_date_coverage=true&portfolio_pid=53697510410005066&Force_direct=true$zZobacz w Polonie$853697510410005066
=951  \7$aPolska$2DBN
=955  \7$aArtykuł publicystyczny$2DBN
=958  \\$aLiteraturoznawstwo
=980  \\$aArtykuły
=999  \\$aBNzkdbzcz$bud$x06$y2020
  
