=LDR  01897naa a2200553 i 4500
=001  b1000000694823
=005  20211030063614.1
=008  200703s2020    pl           |000 0 pol c
=009  9911523104605606
=015  \\$aBZCz 2020/54186
=035  \\$a(OCoLC)1242133737
=040  \\$aWA N$cWA N$dWA N
=045  2\$bd2014
=046  \\$k2020
=080  \\$81.1\x$a80/81(045/046)
=100  1\$aPaszek, Jerzy$d(1940- )$eAutor
=245  10$aO stylu prozy Olgi Tokarczuk :$bdopowiedzenie od L do Ż /$cJerzy Paszek.
=260  \\$c2020.
=336  \\$aTekst$btxt$2rdacontent
=337  \\$aBez urządzenia pośredniczącego$bn$2rdamedia
=338  \\$aWolumin$bnc$2rdacarrier
=380  \\$aArtykuły
=388  1\$a2001-
=600  17$aTokarczuk, Olga$d(1962- ).$tKsięgi Jakubowe albo Wielka podróż przez siedem granic, pięć języków i trzy duże religie, nie licząc tych małych$2DBN
=648  \7$a2001-$2DBN
=650  \7$aJęzyk polski$2DBN
=650  \7$aLiteratura polska$2DBN
=655  \7$aArtykuł problemowy$2DBN
=658  \\$aJęzykoznawstwo
=773  0\$iW:$tŚląsk : miesięcznik społeczno-kulturalny.$x1425-3917$gR. 26, nr 4 (2020), s. 60-61$w(PL)b0000001101969
=915  \\$aBZCz 2020/54186
=916  \\$aPaszek, Jerzy   (1940- )
=931  \\$a80/81(045/046)
=945  2\$b2014
=946  \\$k2020
=955  \7$aArtykuł problemowy$2DBN
=958  \\$aJęzykoznawstwo
=980  \\$aArtykuły
=999  \\$aBNzkdbzcz$bkw$x07$y2020
  
