=LDR  01866naa a2200529 i 4500
=001  b1000000697377
=005  20211030064213.5
=008  200706s2020    pl           |000 0 pol c
=009  9911525754705606
=015  \\$aBZCz 2020/54712
=035  \\$a(OCoLC)1242251295
=040  \\$aWA N$cWA N$dWA N
=045  0\$bd2020
=046  \\$k2020
=080  \\$a821.162.1(091)(045/046)
=100  1\$aKącka, Eliza$d(1982- )$eAutor
=245  10$aDar bogini /$cEliza Kącka (Wydział Polonistyki UW).
=260  \\$c2020.
=336  \\$aTekst$btxt$2rdacontent
=337  \\$aBez urządzenia pośredniczącego$bn$2rdamedia
=338  \\$aWolumin$bnc$2rdacarrier
=380  \\$aArtykuły
=388  1\$a2001-
=600  17$aTokarczuk, Olga$d(1962- )$2DBN
=648  \7$a2001-$2DBN
=650  \7$aLiteratura polska$2DBN
=655  \7$aArtykuł z czasopisma społeczno-kulturalnego$2DBN
=658  \\$aLiteraturoznawstwo
=710  2\$aWydział Polonistyki (Uniwersytet Warszawski)$4oth
=773  0\$iW:$tZnak (Kraków).$x0044-488X$g2020, nr 4, s. 6-13$w(PL)b0000001479346
=915  \\$aBZCz 2020/54712
=916  \\$aKącka, Eliza   (1982- )
=921  2\$aWydział Polonistyki (Uniwersytet Warszawski)
=931  \\$a821.162.1(091)(045/046)
=945  0\$b2020
=946  \\$k2020
=950  \\$uhttps://eu.alma.exlibrisgroup.com/view/uresolver/48OMNIS_NETWORK/openurl?u.ignore_date_coverage=true&portfolio_pid=53697376830005066&Force_direct=true$zZobacz w Polonie$853697376830005066
=955  \7$aArtykuł z czasopisma społeczno-kulturalnego$2DBN
=958  \\$aLiteraturoznawstwo
=980  \\$aArtykuły
=999  \\$aBNzkdbzcz$bmbw$x07$y2020
  
