=LDR  01887naa a2200553 i 4500
=001  b1000000697386
=005  20220921140942.7
=008  200706s2020    pl           |000 0 pol c
=009  9911525754405606
=015  \\$aBZCz 2020/54778
=035  \\$a(OCoLC)1242252513
=040  \\$aWA N$cWA N$dWA N
=045  0\$bd2020
=046  \\$k2020
=080  \\$a821.162.1(091)(045/046)
=100  1\$aMarchewka, Anna$d(1978- )$eAutor
=245  10$aPopatrz, wszystko już w tym świecie jest /$cAnna Marchewka.
=260  \\$c2020.
=336  \\$aTekst$btxt$2rdacontent
=337  \\$aBez urządzenia pośredniczącego$bn$2rdamedia
=338  \\$aWolumin$bnc$2rdacarrier
=380  \\$aArtykuły
=388  1\$a2001-
=600  17$aTokarczuk, Olga$d(1962- )$2DBN
=648  \7$a2001-$2DBN
=650  \7$aCiało ludzkie$2DBN
=650  \7$aLiteratura polska$2DBN
=650  \7$aRzeczywistość$2DBN
=650  \7$aTematy i motywy$2DBN
=650  \7$aUczucia$2DBN
=655  \7$aArtykuł z czasopisma społeczno-kulturalnego$2DBN
=658  \\$aLiteraturoznawstwo
=773  0\$iW:$tZnak (Kraków).$x0044-488X$g2020, nr 4, s. 18-25$w(PL)b0000001479346
=915  \\$aBZCz 2020/54778
=916  \\$aMarchewka, Anna   (1978- )
=931  \\$a821.162.1(091)(045/046)
=945  0\$b2020
=946  \\$k2020
=950  \\$uhttps://eu05.alma.exlibrisgroup.com/view/uresolver/48OMNIS_NETWORK/openurl?u.ignore_date_coverage=true&portfolio_pid=53697377580005066&Force_direct=true$zZobacz w Polonie$853697377580005066
=955  \7$aArtykuł z czasopisma społeczno-kulturalnego$2DBN
=958  \\$aLiteraturoznawstwo
=980  \\$aArtykuły
=999  \\$aBNzkdbzcz$bmbw$x07$y2020
  
