=LDR  01899naa a2200613 i 4500
=001  b1000000697397
=005  20211030063519.2
=008  200706s2020    pl           |000 0 pol c
=009  9911525754305606
=015  \\$aBZCz 2020/54791
=035  \\$a(OCoLC)1242247034
=040  \\$aWA N$cWA N$dWA N
=045  0\$bd2020
=046  \\$k2020
=080  \\$81.1\x$a821.162.1(091)(045/046)
=080  \\$81.2\x$a272(045/046)
=100  1\$aMikołejko, Zbigniew$d(1951- )$eAutor
=245  10$aMiędzy nadzieją a ciemnością /$cZbigniew Mikołejko.
=260  \\$c2020.
=336  \\$aTekst$btxt$2rdacontent
=337  \\$aBez urządzenia pośredniczącego$bn$2rdamedia
=338  \\$aWolumin$bnc$2rdacarrier
=380  \\$aArtykuły
=388  1\$a2001-
=600  17$aTokarczuk, Olga$d(1962- )$2DBN
=648  \7$a2001-$2DBN
=650  \7$aDuchowość$2DBN
=650  \7$aFilozofia literatury$2DBN
=650  \7$aKatolicyzm$2DBN
=655  \7$aArtykuł z czasopisma społeczno-kulturalnego$2DBN
=658  \\$aFilozofia i etyka
=658  \\$aLiteraturoznawstwo
=773  0\$iW:$tZnak (Kraków).$x0044-488X$g2020, nr 4, s. 26-35$w(PL)b0000001479346
=915  \\$aBZCz 2020/54791
=916  \\$aMikołejko, Zbigniew   (1951- )
=931  \\$a821.162.1(091)(045/046)
=931  \\$a272(045/046)
=945  0\$b2020
=946  \\$k2020
=955  \7$aArtykuł z czasopisma społeczno-kulturalnego$2DBN
=958  \\$aFilozofia i etyka
=958  \\$aLiteraturoznawstwo
=980  \\$aArtykuły
=999  \\$aBNzkdbzcz$bmbw$x07$y2020
  
