=LDR  02050naa a2200577 i 4500
=001  b1000000697412
=005  20221019150358.3
=008  200706s2020    pl           |000 0 pol c
=009  9911525754005606
=015  \\$aBZCz 2020/55205
=035  \\$a(OCoLC)1242126591
=040  \\$aWA N$cWA N$dWA N
=041  1\$apol$heng
=045  0\$bd2020
=046  \\$k2020
=080  \\$a821.162.1-1/-9(045/046)
=100  1\$aLloyd-Jones, Antonia$d(1962- )$eAutor
=245  10$aŚmiała, oryginalna i prowokująca /$cAntonia Lloyd-Jones ; tłumaczył Marek Maraszek.
=260  \\$c2020.
=336  \\$aTekst$btxt$2rdacontent
=337  \\$aBez urządzenia pośredniczącego$bn$2rdamedia
=338  \\$aWolumin$bnc$2rdacarrier
=380  \\$aArtykuły
=388  1\$a2001-
=600  17$aTokarczuk, Olga$d(1962- )$2DBN
=648  \7$a2001-$2DBN
=650  \7$aLiteratura polska$2DBN
=650  \7$aPrzekłady angielskie$2DBN
=651  \7$aWielka Brytania$2DBN
=655  \7$aArtykuł publicystyczny$2DBN
=658  \\$aLiteraturoznawstwo
=700  1\$aMaraszek, Marek$eTłumaczenie
=773  0\$iW:$tZnak (Kraków).$x0044-488X$g2020, nr 4, s. 36-37$w(PL)b0000001479346
=915  \\$aBZCz 2020/55205
=916  \\$aLloyd-Jones, Antonia   (1962- )
=918  1\$aMaraszek, Marek
=931  \\$a821.162.1-1/-9(045/046)
=945  0\$b2020
=946  \\$k2020
=950  \\$uhttps://eu05.alma.exlibrisgroup.com/view/uresolver/48OMNIS_NETWORK/openurl?u.ignore_date_coverage=true&portfolio_pid=53697377310005066&Force_direct=true$zZobacz w Polonie$853697377310005066
=951  \7$aWielka Brytania$2DBN
=955  \7$aArtykuł publicystyczny$2DBN
=958  \\$aLiteraturoznawstwo
=980  \\$aArtykuły
=999  \\$aBNzkdbzcz$bmbw$x07$y2020
  
