=LDR  02069naa a2200601 i 4500
=001  b1000000697419
=005  20211030064556.8
=008  200706s2020    pl           |000 0 pol c
=009  9911525753805606
=015  \\$aBZCz 2020/55151
=035  \\$a(OCoLC)1242258178
=040  \\$aWA N$cWA N$dWA N
=041  1\$apol$hger
=045  2\$bd2019$bd2020
=046  \\$k2020
=080  \\$a821.162.1-1/-9(045/046)
=100  1\$aKampa, Daniel$eAutor
=245  10$a#czytanieolgi /$cDaniel Kampa ; tłumaczył Michał Jędrzejek.
=246  30$aCzytanie Olgi
=260  \\$c2020.
=336  \\$aTekst$btxt$2rdacontent
=337  \\$aBez urządzenia pośredniczącego$bn$2rdamedia
=338  \\$aWolumin$bnc$2rdacarrier
=380  \\$aArtykuły
=388  1\$a2001-
=600  17$aTokarczuk, Olga$d(1962- )$2DBN
=648  \7$a2001-$2DBN
=650  \7$aLiteracka Nagroda Nobla$2DBN
=650  \7$aLiteratura polska$2DBN
=650  \7$aPrzekłady niemieckie$2DBN
=651  \7$aNiemcy$2DBN
=655  \7$aArtykuł publicystyczny$2DBN
=658  \\$aLiteraturoznawstwo
=700  1\$aJędrzejek, Michał$eTłumaczenie
=773  0\$iW:$tZnak (Kraków).$x0044-488X$g2020, nr 4, s. 38-39$w(PL)b0000001479346
=915  \\$aBZCz 2020/55151
=916  \\$aKampa, Daniel   
=918  1\$aJędrzejek, Michał
=931  \\$a821.162.1-1/-9(045/046)
=945  2\$b2019$b2020
=946  \\$k2020
=950  \\$uhttps://eu.alma.exlibrisgroup.com/view/uresolver/48OMNIS_NETWORK/openurl?u.ignore_date_coverage=true&portfolio_pid=53697377100005066&Force_direct=true$zZobacz w Polonie$853697377100005066
=951  \7$aNiemcy$2DBN
=955  \7$aArtykuł publicystyczny$2DBN
=958  \\$aLiteraturoznawstwo
=980  \\$aArtykuły
=999  \\$aBNzkdbzcz$bmbw$x07$y2020
  
