=LDR  02096naa a2200589 i 4500
=001  b1000000697964
=005  20211030063727.3
=008  200707s2020    pl           |000 0dpol c
=009  9911527967405606
=015  \\$aBZCz 2020/54933
=035  \\$a(OCoLC)1242243849
=040  \\$aWA N$cWA N$dWA N
=045  2\$bd1993$bd2018
=046  \\$k2020
=080  \\$81.1\x$a821.162.1(091)(045/046)
=245  00$aTokarczuk - przewodnik po twórczości /$copracowały Ilona Klimek, Agnieszka Rzonca.
=260  \\$c2020.
=336  \\$aTekst$btxt$2rdacontent
=337  \\$aBez urządzenia pośredniczącego$bn$2rdamedia
=338  \\$aWolumin$bnc$2rdacarrier
=380  \\$aArtykuły
=388  1\$a2001-
=600  17$aTokarczuk, Olga$d(1962- )$2DBN
=648  \7$a1901-2000$2DBN
=648  \7$a1989-2000$2DBN
=650  \7$aChronologia$2DBN
=650  \7$aLiteratura polska$2DBN
=655  \7$aArtykuł publicystyczny$2DBN
=658  \\$aLiteraturoznawstwo
=700  1\$aKlimek, Ilona$d(1992- )$eOpracowanie
=773  0\$iW:$tZnak (Kraków).$x0044-488X$g2020, nr 4, s. 14-17$w(PL)b0000001479346
=915  \\$aBZCz 2020/54933
=918  1\$aKlimek, Ilona$d(1992- )
=931  \\$a821.162.1(091)(045/046)
=945  2\$b1993$b2018
=946  \\$k2020
=950  \\$uhttps://eu.alma.exlibrisgroup.com/view/uresolver/48OMNIS_NETWORK/openurl?u.ignore_date_coverage=true&portfolio_pid=53697874310005066&Force_direct=true$zZobacz w Polonie$853697874310005066
=955  \7$aArtykuł publicystyczny$2DBN
=958  \\$aLiteraturoznawstwo
=980  \\$aArtykuły
=999  \\$aBNzkdbzcz$bmbw$x07$y2020
  
