=LDR  02056naa a2200577 i 4500
=001  b1000000698060
=005  20220928133420.6
=008  200707s2020    pl           |000 0 pol c
=009  9911527967205606
=015  \\$aBZCz 2020/54967
=035  \\$a(OCoLC)1242244951
=040  \\$aWA N$cWA N$dWA N
=041  1\$apol$hukr
=045  2\$bd20uu$bd2018
=046  \\$k2020
=080  \\$a821.162.1(091)(045/046)
=100  1\$aZabužko, Oksana Stefanìvna$d(1960- )$eAutor
=245  10$aCzas demiurgini /$cOksana Zabużko ; tłumaczyła Urszula Pieczek.
=260  \\$c2020.
=336  \\$aTekst$btxt$2rdacontent
=337  \\$aBez urządzenia pośredniczącego$bn$2rdamedia
=338  \\$aWolumin$bnc$2rdacarrier
=380  \\$aArtykuły
=388  1\$a2001-
=600  17$aTokarczuk, Olga$d(1962- )$2DBN
=648  \7$a2001-$2DBN
=650  \7$aLiteratura polska$2DBN
=650  \7$aPisarze polscy$2DBN
=651  \7$aUkraina$2DBN
=655  \7$aArtykuł publicystyczny$2DBN
=658  \\$aLiteraturoznawstwo
=700  1\$aPieczek, Urszula$d(1986- )$eTłumaczenie
=773  0\$iW:$tZnak (Kraków).$x0044-488X$g2020, nr 4, s. 40-41$w(PL)b0000001479346
=915  \\$aBZCz 2020/54967
=916  \\$aZabužko, Oksana Stefanìvna   (1960- )
=918  1\$aPieczek, Urszula$d(1986- )
=931  \\$a821.162.1(091)(045/046)
=945  2\$b20uu$b2018
=946  \\$k2020
=950  \\$uhttps://eu05.alma.exlibrisgroup.com/view/uresolver/48OMNIS_NETWORK/openurl?u.ignore_date_coverage=true&portfolio_pid=53697872720005066&Force_direct=true$zZobacz w Polonie$853697872720005066
=951  \7$aUkraina$2DBN
=955  \7$aArtykuł publicystyczny$2DBN
=958  \\$aLiteraturoznawstwo
=980  \\$aArtykuły
=999  \\$aBNzkdbzcz$bmbw$x07$y2020
  
