=LDR  02463naa a2200697 i 4500
=001  b1000000699014
=005  20211030063458.7
=008  200707s2019    pl           |000 0 pol c
=009  9911527753805606
=015  \\$aBZCz 2020/54879
=024  7\$a10.15804/kie.2019.03.11$2doi
=035  \\$a(OCoLC)1242240843
=040  \\$aWA N$cWA N$dWA N
=041  0\$apol$beng
=045  2\$bd2009$bd2017
=046  \\$k2019
=080  \\$81.1\x$a821.162.1(091)(045/046)
=100  1\$aSiemieniuk, Aleksandra$c(informatyk)$eAutor
=245  10$a"Pokot" Agnieszki Holland i Olgi Tokarczuk :$bo tym, jak przekład intermedialny wpływa na konstrukt medialny u odbiorcy /$cAleksandra Siemieniuk (Wydział Polonistyki. Uniwersytet Warszawski).
=260  \\$c2019.
=336  \\$aTekst$btxt$2rdacontent
=337  \\$aBez urządzenia pośredniczącego$bn$2rdamedia
=338  \\$aWolumin$bnc$2rdacarrier
=380  \\$aArtykuły
=388  1\$a2001-
=504  \\$aBibliografia na stronach 161-162.
=546  \\$aStreszczenie w języku angielskim.
=600  17$aTokarczuk, Olga$d(1962- ).$tProwadź swój pług przez kości umarłych$2DBN
=630  07$aPokot (film)$2DBN
=648  \7$a2001-$2DBN
=650  \7$aFilm polski$2DBN
=650  \7$aLiteratura polska$2DBN
=655  \7$aAdaptacja filmowa$2DBN
=655  \7$aArtykuł monograficzny$2DBN
=655  \7$aArtykuł z czasopisma naukowego$2DBN
=658  \\$aKultura i sztuka
=710  2\$aWydział Polonistyki (Uniwersytet Warszawski)$4oth
=773  0\$iW:$tKultura i Edukacja.$x1230-266X$g2019, nr 3, s. 152-162$w(PL)b0000001609051
=915  \\$aBZCz 2020/54879
=916  \\$aSiemieniuk, Aleksandra  (informatyk) 
=921  2\$aWydział Polonistyki (Uniwersytet Warszawski)
=930  07$aPokot (film)$2DBN
=931  \\$a821.162.1(091)(045/046)
=945  2\$b2009$b2017
=946  \\$k2019
=955  \7$aAdaptacja filmowa$2DBN
=955  \7$aArtykuł monograficzny$2DBN
=955  \7$aArtykuł z czasopisma naukowego$2DBN
=958  \\$aKultura i sztuka
=980  \\$aArtykuły
=999  \\$aBNzkdbzcz$bws$x07$y2020
  
