=LDR  03232naa a2200829 i 4500
=001  b1000000699801
=005  20220922135502.6
=008  200708s2019    pl            000 0 pol c 
=009  9911529355405606
=015  \\$aBZCz 2020/54932
=035  \\$a(OCoLC)1242126307
=040  \\$aWA N$cWA N$dWA N
=045  2\$bd2001$bd2019
=046  \\$k2019
=080  \\$81.1\x$a821.162.1(091)(045/046)
=080  \\$81.2\x$a323/324(438)(045/046)
=100  1\$aTokarczuk, Olga$d(1962- )$eWywiad
=245  10$aOlgi Tokarczuk spotkanie autorskie we Wrocławiu /$czapis rozmowy przeprowadzonej przez Katarzynę Kantner. Powyborcze postscriptum / [paneliści] prof. Jan Garlicki, J. Paweł Gieorgica, dr Zdzisław Słowik, Robert Smoleń.
=260  \\$c2019.
=336  \\$aTekst$btxt$2rdacontent
=337  \\$aBez urządzenia pośredniczącego$bn$2rdamedia
=338  \\$aWolumin$bnc$2rdacarrier
=380  \\$aArtykuły
=388  1\$a2001-
=600  17$aTokarczuk, Olga$d(1962- )$2DBN
=648  \7$a2001-$2DBN
=650  \7$aLiteratura polska$2DBN
=650  \7$aPartie polityczne$2DBN
=650  \7$aPisarze polscy$2DBN
=651  \7$aPolska$2DBN
=655  \7$aArtykuł z czasopisma naukowego$2DBN
=655  \7$aArtykuł z czasopisma politycznego$2DBN
=655  \7$aArtykuł z czasopisma społeczno-kulturalnego$2DBN
=655  \7$aDebata$2DBN
=658  \\$aLiteraturoznawstwo
=700  1\$aKantner, Katarzyna$d(1984- )$eWywiad
=700  1\$aGarlicki, Jan$d(1958- )$ePanelista
=700  1\$aGieorgica, Jerzy Paweł$d(1950- )$ePanelista
=700  1\$aSłowik, Zdzisław$ePanelista
=740  02$aPowyborcze postscriptum
=773  0\$iW:$tRes Humana : humanizm, racjonalizm, kultura świecka.$x0867-874X$gR. 28, nr 6 (2019), s. 7-18$w(PL)b0000001296819
=915  \\$aBZCz 2020/54932
=916  \\$aTokarczuk, Olga   (1962- )
=918  1\$aKantner, Katarzyna$d(1984- )
=918  1\$aGarlicki, Jan$d(1958- )
=918  1\$aGieorgica, Jerzy Paweł$d(1950- )
=918  1\$aSłowik, Zdzisław
=931  \\$a821.162.1(091)(045/046)
=931  \\$a323/324(438)(045/046)
=945  2\$b2001$b2019
=946  \\$k2019
=950  \\$uhttps://eu05.alma.exlibrisgroup.com/view/uresolver/48OMNIS_NETWORK/openurl?u.ignore_date_coverage=true&portfolio_pid=53698056090005066&Force_direct=true$zZobacz w Polonie$853698056090005066
=951  \7$aPolska$2DBN
=955  \7$aArtykuł z czasopisma naukowego$2DBN
=955  \7$aArtykuł z czasopisma politycznego$2DBN
=955  \7$aArtykuł z czasopisma społeczno-kulturalnego$2DBN
=955  \7$aDebata$2DBN
=958  \\$aLiteraturoznawstwo
=980  \\$aArtykuły
=999  \\$aBNzkdbzcz$babr$x07$y2020
  
