=LDR  02072naa a2200625 i 4500
=001  b1000000701535
=005  20230113140914.5
=008  200709s2020    pl            000 0 pol c 
=009  9911530046805606
=015  \\$aBZCz 2020/54864
=035  \\$a(OCoLC)1242189939
=040  \\$aWA N$cWA N$dWA N
=045  2\$bd1931$bd2014
=046  \\$k2020
=080  \\$a821.162.1(091)(045/046)
=100  1\$aSadkowski, Wacław$d(1933-2023)$eAutor
=245  10$aOd Teodora Parnickiego do Olgi Tokarczuk /$cWacław Sadkowski.
=260  \\$c2020.
=336  \\$aTekst$btxt$2rdacontent
=337  \\$aBez urządzenia pośredniczącego$bn$2rdamedia
=338  \\$aWolumin$bnc$2rdacarrier
=380  \\$aArtykuły
=388  1\$a2001-
=600  17$aParnicki, Teodor$d(1908-1988)$2DBN
=648  \7$a1901-2000$2DBN
=648  \7$a1918-1939$2DBN
=648  \7$a1945-1989$2DBN
=648  \7$a1989-2000$2DBN
=650  \7$aLiteratura polska$2DBN
=651  \7$aPolska$2DBN
=655  \7$aEsej$2DBN
=655  \7$aArtykuł z czasopisma naukowego$2DBN
=655  \7$aArtykuł z czasopisma politycznego$2DBN
=658  \\$aLiteraturoznawstwo
=773  0\$iW:$tRes Humana : humanizm, racjonalizm, kultura świecka.$x0867-874X$gR. 29, nr 1 (2020), s. 36-37$w(PL)b0000001296819
=915  \\$aBZCz 2020/54864
=916  \\$aSadkowski, Wacław   (1933- )
=931  \\$a821.162.1(091)(045/046)
=945  2\$b1931$b2014
=946  \\$k2020
=951  \7$aPolska$2DBN
=955  \7$aEsej$2DBN
=955  \7$aArtykuł z czasopisma naukowego$2DBN
=955  \7$aArtykuł z czasopisma politycznego$2DBN
=958  \\$aLiteraturoznawstwo
=980  \\$aArtykuły
=999  \\$aBNzkdbzcz$babr$x07$y2020
  
