=LDR  01983naa a2200601 i 4500
=001  b1000000701565
=005  20230113140910.5
=008  200709s2020    pl            000 0 pol c 
=009  9911530046105606
=015  \\$aBZCz 2020/54863
=035  \\$a(OCoLC)1242128116
=040  \\$aWA N$cWA N$dWA N
=045  0\$bd2019
=046  \\$k2020
=080  \\$a821.162.1(091)(045/046)
=100  1\$aSadkowski, Wacław$d(1933-2023)$eAutor
=245  10$aAtak specjalistów od... wszystkiego /$cW.S.
=260  \\$c2020.
=336  \\$aTekst$btxt$2rdacontent
=337  \\$aBez urządzenia pośredniczącego$bn$2rdamedia
=338  \\$aWolumin$bnc$2rdacarrier
=380  \\$aArtykuły
=388  1\$a2001-
=600  17$aTokarczuk, Olga$d(1962- )$2DBN
=648  \7$a2001-$2DBN
=650  \7$aLaureaci$2DBN
=650  \7$aLiteracka Nagroda Nobla$2DBN
=650  \7$aLiteratura polska$2DBN
=650  \7$aOpinia publiczna$2DBN
=651  \7$aPolska$2DBN
=655  \7$aArtykuł z czasopisma naukowego$2DBN
=655  \7$aArtykuł z czasopisma politycznego$2DBN
=655  \7$aArtykuł z czasopisma społeczno-kulturalnego$2DBN
=658  \\$aLiteraturoznawstwo
=773  0\$iW:$tRes Humana : humanizm, racjonalizm, kultura świecka.$x0867-874X$gR. 29, nr 1 (2020), s. 37,44$w(PL)b0000001296819
=915  \\$aBZCz 2020/54863
=916  \\$aSadkowski, Wacław   (1933- )
=931  \\$a821.162.1(091)(045/046)
=945  0\$b2019
=946  \\$k2020
=951  \7$aPolska$2DBN
=955  \7$aArtykuł z czasopisma naukowego$2DBN
=955  \7$aArtykuł z czasopisma politycznego$2DBN
=955  \7$aArtykuł z czasopisma społeczno-kulturalnego$2DBN
=958  \\$aLiteraturoznawstwo
=980  \\$aArtykuły
=999  \\$aBNzkdbzcz$babr$x07$y2020
  
