=LDR  01945naa a2200553 i 4500
=001  b1000000711079
=005  20211030064004.2
=008  200720s2019    pl           |000 0 pol c
=009  9911536733505606
=015  \\$aBZCz 2020/54760
=035  \\$a(OCoLC)1242188767
=040  \\$aWA N$cWA N$dWA N
=045  2\$bd2019
=046  \\$k2019
=080  \\$a821.162.1(091)(045/046)
=245  00$aLiteracka Nagroda Nobla za rok 2018 dla Olgi Tokarczuk.
=260  \\$c2019.
=336  \\$aTekst$btxt$2rdacontent
=337  \\$aBez urządzenia pośredniczącego$bn$2rdamedia
=338  \\$aWolumin$bnc$2rdacarrier
=380  \\$aArtykuły
=388  1\$a2001-
=600  17$aTokarczuk, Olga$d(1962- )$2DBN
=648  \7$a2001-$2DBN
=650  \7$aLiteratura polska$2DBN
=650  \7$aLaureaci$2DBN
=650  \7$aLiteracka Nagroda Nobla$2DBN
=651  \7$aPolska$2DBN
=655  \7$aArtykuł z czasopisma literackiego$2DBN
=655  \7$aArtykuł z czasopisma społeczno-kulturalnego$2DBN
=658  \\$aLiteraturoznawstwo
=773  0\$iW:$tLiryDram : kwartalnik literacko-kulturalny.$x1508-9398.$g2019, nr 25, s. 6-7$w(PL)b0000002998207
=915  \\$aBZCz 2020/54760
=931  \\$a821.162.1(091)(045/046)
=945  2\$b2019
=946  \\$k2019
=950  \\$uhttps://eu.alma.exlibrisgroup.com/view/uresolver/48OMNIS_NETWORK/openurl?u.ignore_date_coverage=true&portfolio_pid=53697422490005066&Force_direct=true$zZobacz w Polonie$853697422490005066
=951  \7$aPolska$2DBN
=955  \7$aArtykuł z czasopisma literackiego$2DBN
=955  \7$aArtykuł z czasopisma społeczno-kulturalnego$2DBN
=958  \\$aLiteraturoznawstwo
=980  \\$aArtykuły
=999  \\$aBNzkdbzcz$bans$x07$y2020
  
