=LDR  02041naa a2200637 i 4500
=001  b1000000717553
=005  20211030064250.1
=008  200727s2019    pl           |000 0 pol c
=009  9911539362805606
=015  \\$aBZCz 2020/48056
=035  \\$a(OCoLC)1242173477
=040  \\$aWA N$cWA N$dWA N
=041  0\$apol$beng
=045  2\$bd2005$bd2019
=046  \\$k2019
=080  \\$81.1\x$a01/02(045/046)
=100  1\$aNowacki, Dariusz$d(1965- )$eAutor
=245  10$aWolno, normalnie, szybko /$cDariusz Nowacki.
=260  \\$c2019.
=336  \\$aTekst$btxt$2rdacontent
=337  \\$aBez urządzenia pośredniczącego$bn$2rdamedia
=338  \\$aWolumin$bnc$2rdacarrier
=380  \\$aArtykuły
=388  1\$a2001-
=504  \\$aBibliografia na stronie 13.
=546  \\$aStreszczenie w języku angielskim.
=600  17$aDukaj, Jacek$d(1974- )$2DBN
=648  \7$a2001-$2DBN
=650  \7$aCzytelnictwo$2DBN
=651  \7$aPolska$2DBN
=655  \7$aArtykuł publicystyczny$2DBN
=655  \7$aArtykuł z czasopisma literackiego$2DBN
=658  \\$aLiteraturoznawstwo
=773  0\$iW:$tOpcje : kwartalnik kulturalny.$x1230-9982.$g2019, nr 4, s. 6-13$w(PL)b0000001300024
=915  \\$aBZCz 2020/48056
=916  \\$aNowacki, Dariusz   (1965- )
=931  \\$a01/02(045/046)
=945  2\$b2005$b2019
=946  \\$k2019
=951  \7$aPolska$2DBN
=955  \7$aArtykuł publicystyczny$2DBN
=955  \7$aArtykuł z czasopisma literackiego$2DBN
=958  \\$aLiteraturoznawstwo
=980  \\$aArtykuły
=999  \\$aBNzkdbzcz$bmep$x07$y2020
  
