=LDR  02127naa a2200613 i 4500
=001  b1000000718255
=005  20211030064346.2
=008  200727s2020    pl           |000 0 pol c
=009  9911538505705606
=015  \\$aBZCz 2020/53971
=035  \\$a(OCoLC)1242225718
=040  \\$aWA N$cWA N$dWA N
=045  2\$bd1997$bd2019
=046  \\$k2020
=080  \\$a792(045/046)
=100  1\$aKowalska, Jolanta$c(dziennikarz)$eAutor
=245  10$aOpowieść stwarza świat /$cJolanta Kowalska.
=260  \\$c2020.
=336  \\$aTekst$btxt$2rdacontent
=337  \\$aBez urządzenia pośredniczącego$bn$2rdamedia
=338  \\$aWolumin$bnc$2rdacarrier
=380  \\$aArtykuły
=388  1\$a2001-
=600  17$aTokarczuk, Olga$d(1962- ).$tGra na wielu bębenkach$2DBN
=600  17$aTokarczuk, Olga$d(1962- ).$tKsięgi Jakubowe albo Wielka podróż przez siedem granic, pięć języków i trzy duże religie, nie licząc tych małych$2DBN
=600  17$aTokarczuk, Olga$d(1962- ).$tOpowiadania bizarne$2DBN
=648  \7$a1901-2000$2DBN
=648  \7$a1989-2000$2DBN
=650  \7$aInscenizacja$2DBN
=650  \7$aLiteratura polska$2DBN
=650  \7$aOpowiadania i nowele$2DBN
=650  \7$aPowieść historyczna$2DBN
=651  \7$aPolska$2DBN
=655  \7$aArtykuł publicystyczny$2DBN
=658  \\$aKultura i sztuka
=773  0\$iW:$tTeatr (Warszawa ; 1958).$x0040-0769$g2020, nr 1, s. 18-22$w(PL)b0000001503544
=915  \\$aBZCz 2020/53971
=916  \\$aKowalska, Jolanta  (dziennikarz) 
=931  \\$a792(045/046)
=945  2\$b1997$b2019
=946  \\$k2020
=951  \7$aPolska$2DBN
=955  \7$aArtykuł publicystyczny$2DBN
=958  \\$aKultura i sztuka
=980  \\$aArtykuły
=999  \\$aBNzkdbzcz$bktw$x07$y2020
  
