=LDR  02149naa a2200601 i 4500
=001  b1000000722468
=005  20211030063650.4
=008  200730s2020    pl a         |000 0 pol  
=009  9911540235505606
=015  \\$aBZCz 2020/54916
=035  \\$a(PL)b1000000722468
=040  \\$aWA N$cWA N$dWA N
=045  2\$bd2019$bd2020
=046  \\$k2020
=080  \\$81.1\x$a821.162.1(091)(045/046)
=100  1\$aSzreder, Mirosław$d(1957- )$eAutor
=245  10$aNauka statystyki z Szymborską i Tokarczuk /$cprof. dr hab Mirosław Szreder, ekonomista (Katedra Statystyki. Wydział Zarządzania. Uniwersytet Gdański).
=260  \\$c2020.
=336  \\$aTekst$btxt$2rdacontent
=337  \\$aBez urządzenia pośredniczącego$bn$2rdamedia
=338  \\$aWolumin$bnc$2rdacarrier
=380  \\$aArtykuły
=388  1\$a2001-
=600  17$aSzymborska, Wisława$d(1923-2012).$tPrzyczynek do statystyki$2DBN
=648  \7$a2001-$2DBN
=650  \7$aStatystyka$2DBN
=650  \7$aLiteratura polska$2DBN
=650  \7$aPowieść$2DBN
=650  \7$aTematy i motywy$2DBN
=655  \7$aArtykuł publicystyczny$2DBN
=658  \\$aLiteraturoznawstwo
=710  2\$aKatedra Statystyki (Uniwersytet Gdański)$4oth
=773  0\$iW:$tForum Akademickie : dwutygodnik ogólnopolski.$x1233-0930$gR. 27, nr 5 (2020), s. 74-75$w(PL)b0000001611042
=915  \\$aBZCz 2020/54916
=916  \\$aSzreder, Mirosław   (1957- )
=921  2\$aKatedra Statystyki (Uniwersytet Gdański)
=931  \\$a821.162.1(091)(045/046)
=945  2\$b2019$b2020
=946  \\$k2020
=955  \7$aArtykuł publicystyczny$2DBN
=958  \\$aLiteraturoznawstwo
=980  \\$aArtykuły
=999  \\$aBNzkdbzcz$ban$x07$y2020
  
