=LDR  01641naa a2200505 i 4500
=001  b1000000723158
=005  20211030063614.1
=008  200731s2019    pl           |000 0 pol c
=009  9911540650205606
=015  \\$aBZCz 2020/54793
=035  \\$a(PL)b1000000723158
=040  \\$aWA N$cWA N$dWA N
=045  0\$bd2019
=046  \\$k2019
=080  \\$a821.162.1(091)(045/046)
=100  1\$aMilcarek, Paweł$d(1966- )$eAutor
=245  10$aKrótka uwaga o mowie noblowskiej Olgi Tokarczuk /$cPaweł Milcarek.
=260  \\$c2019.
=336  \\$aTekst$btxt$2rdacontent
=337  \\$aBez urządzenia pośredniczącego$bn$2rdamedia
=338  \\$aWolumin$bnc$2rdacarrier
=380  \\$aArtykuły
=388  1\$a2001-
=600  17$aTokarczuk, Olga$d(1962- )$2DBN
=648  \7$a2001-$2DBN
=650  \7$aLiteracka Nagroda Nobla$2DBN
=650  \7$aLiteratura polska$2DBN
=650  \7$aMowy$2DBN
=655  \7$aArtykuł publicystyczny$2DBN
=658  \\$aLiteraturoznawstwo
=773  0\$iW:$tChristianitas : religia, kultura, społeczeństwo.$x1508-5813.$g2019, nr 78, s. 183$w(PL)b0000001385999
=915  \\$aBZCz 2020/54793
=916  \\$aMilcarek, Paweł   (1966- )
=931  \\$a821.162.1(091)(045/046)
=945  0\$b2019
=946  \\$k2019
=955  \7$aArtykuł publicystyczny$2DBN
=958  \\$aLiteraturoznawstwo
=980  \\$aArtykuły
=999  \\$aBNzkdbzcz$bmbw$x07$y2020
  
