=LDR  01967naa a2200565 i 4500
=001  b1000000723810
=005  20211030063844.8
=008  200803s2020    pl            |0000 pol c
=009  9911540632405606
=015  \\$aPrasa 2020/08/03
=035  \\$a(OCoLC)1242053570
=040  \\$aWA N$cWA N$dWA N
=045  2\$bd2015$bd2020
=046  \\$k2020
=245  00$aNa kawę do Olgi Tokarczuk /$cAgnieszka Dobkiewicz, Beata Maciejewska.
=260  \\$c1-2 VIII 2020.
=336  \\$aTekst$btxt$2rdacontent
=337  \\$aBez urządzenia pośredniczącego$bn$2rdamedia
=338  \\$aWolumin$bnc$2rdacarrier
=380  \\$aArtykuły
=388  1\$a2001-
=520  8\$aKawiarnia artystyczna, której współwłaścicielka jest pisarka.
=600  17$aKłossowska-Tyszka, Beata$2DBN
=610  27$aKawiarnia "Dobra Nowina" (Nowa Ruda)$2DBN
=648  \7$a2001-$2DBN
=650  \7$aKawiarnie i cukiernie$2DBN
=651  \7$aNowa Ruda (woj. dolnośląskie, pow. kłodzki, gm. Nowa Ruda)$2DBN
=655  \7$aArtykuł publicystyczny$2DBN
=658  \\$aGospodarka, ekonomia, finanse
=700  1\$aDobkiewicz, Agnieszka$eAutor
=773  0\$iW:$tGazeta Wyborcza (Wyd. zasadnicze).$x0860-908X$g2020, nr 179, s. 6$w(PL)b0000001301576
=915  \\$aPrasa 2020/08/03
=918  1\$aDobkiewicz, Agnieszka
=945  2\$b2015$b2020
=946  \\$k2020
=951  \7$aNowa Ruda (woj. dolnośląskie, pow. kłodzki, gm. Nowa Ruda)$2DBN
=955  \7$aArtykuł publicystyczny$2DBN
=958  \\$aGospodarka, ekonomia, finanse
=980  \\$aArtykuły
=999  \\$aBNzkdprasa$bjkr
  
