=LDR  02932naa a2200805 i 4500
=001  b1000000724781
=005  20211030063824.9
=008  200804s2019    pl           |000 0 pol c
=009  9911541649505606
=035  \\$a(OCoLC)1242187981
=040  \\$aWA N$cWA N$dWA N
=041  0\$apol$beng$brus
=045  2\$bd2015$bd2016
=046  \\$k2019
=080  \\$a792(045/046)
=100  1\$aŻarinow, Barbara$eAutor
=245  10$aWizualizacja wolności i zniewolenia na scenie /$cBarbara Żarinow (Uniwersytet Marii Curie-Skłodowskiej w Lublinie).
=260  \\$c2019.
=336  \\$aTekst$btxt$2rdacontent
=337  \\$aBez urządzenia pośredniczącego$bn$2rdamedia
=338  \\$aWolumin$bnc$2rdacarrier
=380  \\$aArtykuły
=388  1\$a2001-
=546  \\$aStreszczenie w języku angielskim, rosyjskim.
=600  17$aBradbury, Ray$d(1920-2012).$tFahrenheit 451$2DBN
=600  17$aDuda-Gracz, Agata$d(1974- )$2DBN
=600  17$aLiber, Marcin$d(1970- )$2DBN
=600  17$aMarciniak, Ewelina$d(1984- )$2DBN
=610  27$aTeatr Muzyczny im. Danuty Baduszkowej (Gdynia)$2DBN
=610  27$aTeatr Powszechny im. Zygmunta Hübnera (Warszawa)$2DBN
=630  07$aFarenheit 451 (widowisko)$2DBN
=630  07$aKsięgi Jakubowe (widowisko)$2DBN
=648  \7$a2001-$2DBN
=650  \7$aInscenizacja$2DBN
=650  \7$aKreatywność$2DBN
=650  \7$aKultura masowa$2DBN
=650  \7$aLiteratura amerykańska$2DBN
=650  \7$aLiteratura polska$2DBN
=650  \7$aPowieść$2DBN
=650  \7$aSztuka$2DBN
=650  \7$aTeatr polski$2DBN
=650  \7$aTematy i motywy$2DBN
=650  \7$aWidowisko$2DBN
=655  \7$aArtykuł problemowy$2DBN
=658  \\$aHistoria
=710  2\$aUniwersytet Marii Curie-Skłodowskiej$4oth
=773  0\$iW:$tMaski wolności w dramacie i teatrze XX i XXI wieku,$gs. 278-293$w(PL)b1000000663418
=916  \\$aŻarinow, Barbara   
=921  2\$aUniwersytet Marii Curie-Skłodowskiej
=930  07$aFarenheit 451 (widowisko)$2DBN
=930  07$aKsięgi Jakubowe (widowisko)$2DBN
=931  \\$a792(045/046)
=945  2\$b2015$b2016
=946  \\$k2019
=955  \7$aArtykuł problemowy$2DBN
=958  \\$aHistoria
=980  \\$aArtykuły
=999  \\$aBNzkdroz$bjor
  
