=LDR  01903naa a2200529 i 4500
=001  b1000000727237
=005  20221110164516.1
=008  200806s2019    pl           |000 0 pol c
=009  9911542837505606
=015  \\$aBZCz 2020/60021
=035  \\$a(PL)b1000000727237
=040  \\$aWA N$cWA N$dWA N
=045  0\$bd2019
=046  \\$k2019
=080  \\$a821.162.1(091)(045/046)
=100  1\$aUrbanek, Mariusz$d(1960- )$eAutor
=245  10$aJak Komitet Noblowski Olgę Tokarczuk nagradzał /$cMariusz Urbanek.
=260  \\$c2019.
=336  \\$aTekst$btxt$2rdacontent
=337  \\$aBez urządzenia pośredniczącego$bn$2rdamedia
=338  \\$aWolumin$bnc$2rdacarrier
=380  \\$aArtykuły
=388  1\$a2001-
=600  17$aTokarczuk, Olga$d(1962- )$2DBN
=648  \7$a2001-$2DBN
=650  \7$aLewica (politologia)$2DBN
=650  \7$aLiteracka Nagroda Nobla$2DBN
=655  \7$aArtykuł z czasopisma literackiego$2DBN
=655  \7$aArtykuł z czasopisma społeczno-kulturalnego$2DBN
=658  \\$aLiteraturoznawstwo
=773  0\$iW:$tOdra (Wrocław).$x0472-5182$g2019, nr 11, s. 96-97$w(PL)b0000001479660
=915  \\$aBZCz 2020/60021
=916  \\$aUrbanek, Mariusz   (1960- )
=931  \\$a821.162.1(091)(045/046)
=945  0\$b2019
=946  \\$k2019
=950  \\$uhttps://eu05.alma.exlibrisgroup.com/view/uresolver/48OMNIS_NETWORK/openurl?u.ignore_date_coverage=true&portfolio_pid=53698035900005066&Force_direct=true$zZobacz w Polonie$853698035900005066
=955  \7$aArtykuł z czasopisma literackiego$2DBN
=955  \7$aArtykuł z czasopisma społeczno-kulturalnego$2DBN
=958  \\$aLiteraturoznawstwo
=980  \\$aArtykuły
=999  \\$aBNzkdbzcz$bsg$x08$y2020
  
