=LDR  02593naa a2200673 i 4500
=001  b1000000728384
=005  20220922135504.7
=008  200807s2019    pl           |000 0 pol c
=009  9911543431105606
=015  \\$aBZCz 2020/56926
=035  \\$a(OCoLC)1242177854
=040  \\$aWA N$cWA N$dWA N
=045  0\$bd2019
=046  \\$k2019
=080  \\$81.1\x$a32(045/046)
=080  \\$81.2\x$a316(045/046)
=100  1\$aSłapczuk, Wasyl$d(1961- )$eWywiad
=245  10$aPrezydent czy sługa (narodu)? :$bz ukraińskim pisarzem Wasylem Słapczukiem o prezydencie-komiku, utracie zaufania do autorytetów, papierze toaletowym z wizerunkiem Putina, cenie za obalenie władzy, ukraińskiej tożsamości, Cerkwi i Noblu dla Olgi Tokarczuk rozmawia Wojciech Pestka.
=260  \\$c2019.
=336  \\$aTekst$btxt$2rdacontent
=337  \\$aBez urządzenia pośredniczącego$bn$2rdamedia
=338  \\$aWolumin$bnc$2rdacarrier
=380  \\$aArtykuły
=388  1\$a2001-
=600  17$aTokarczuk, Olga$d(1962- )$2DBN
=648  \7$a2001-$2DBN
=650  \7$aAutorytet$2DBN
=650  \7$aPrawosławie$2DBN
=651  \7$aUkraina$2DBN
=655  \7$aArtykuł z czasopisma literackiego$2DBN
=655  \7$aArtykuł z czasopisma społeczno-kulturalnego$2DBN
=658  \\$aPolityka, politologia, administracja publiczna
=658  \\$aReligia i duchowość
=700  1\$aPestka, Wojciech$d(1951- )$eWywiad
=773  0\$iW:$tOdra (Wrocław).$x0472-5182$g2019, nr 12, s. 19-23$w(PL)b0000001479660
=915  \\$aBZCz 2020/56926
=916  \\$aSłapczuk, Wasyl   (1961- )
=918  1\$aPestka, Wojciech$d(1951- )
=931  \\$a32(045/046)
=931  \\$a316(045/046)
=945  0\$b2019
=946  \\$k2019
=950  \\$uhttps://eu05.alma.exlibrisgroup.com/view/uresolver/48OMNIS_NETWORK/openurl?u.ignore_date_coverage=true&portfolio_pid=53697518010005066&Force_direct=true$zZobacz w Polonie$853697518010005066
=951  \7$aUkraina$2DBN
=955  \7$aArtykuł z czasopisma literackiego$2DBN
=955  \7$aArtykuł z czasopisma społeczno-kulturalnego$2DBN
=958  \\$aPolityka, politologia, administracja publiczna
=958  \\$aReligia i duchowość
=980  \\$aArtykuły
=999  \\$aBNzkdbzcz$bsg$x08$y2020
  
