=LDR  01681naa a2200481 i 4500
=001  b1000000728433
=005  20211030064117.6
=008  200807s2019    pl           |000 s pol c
=009  9911543429905606
=015  \\$aBZCz 2020/59865
=035  \\$a(PL)b1000000728433
=040  \\$aWA N$cWA N$dWA N
=045  0\$bd2008
=046  \\$k2008
=080  \\$a821.162.1(091)(045/046)
=100  1\$aDunin, Kinga$d(1954- )$eAutor
=245  10$aPisarka (fragment) /$cKinga Dunin.
=260  \\$c2019.
=336  \\$aTekst$btxt$2rdacontent
=337  \\$aBez urządzenia pośredniczącego$bn$2rdamedia
=338  \\$aWolumin$bnc$2rdacarrier
=380  \\$aArtykuły
=388  1\$a2001-
=600  17$aTokarczuk, Olga$d(1962- )$2DBN
=648  \7$a2001-$2DBN
=650  \7$aLiteratura polska$2DBN
=655  \7$aArtykuł z czasopisma literackiego$2DBN
=655  \7$aArtykuł z czasopisma społeczno-kulturalnego$2DBN
=658  \\$aLiteraturoznawstwo
=773  0\$iW:$tOdra (Wrocław).$x0472-5182$g2019, nr 12, s. 30$w(PL)b0000001479660
=915  \\$aBZCz 2020/59865
=916  \\$aDunin, Kinga   (1954- )
=931  \\$a821.162.1(091)(045/046)
=945  0\$b2008
=946  \\$k2008
=950  \\$uhttps://eu.alma.exlibrisgroup.com/view/uresolver/48OMNIS_NETWORK/openurl?u.ignore_date_coverage=true&portfolio_pid=53697519030005066&Force_direct=true$zZobacz w Polonie$853697519030005066
=955  \7$aArtykuł z czasopisma literackiego$2DBN
=955  \7$aArtykuł z czasopisma społeczno-kulturalnego$2DBN
=958  \\$aLiteraturoznawstwo
=980  \\$aArtykuły
=999  \\$aBNzkdbzcz$bsg$x08$y2020
  
