=LDR  01998naa a2200577 i 4500
=001  b1000000728475
=005  20220922135519.4
=008  200807s2019    pl           |000 0 pol c
=009  9911543429105606
=015  \\$aBZCz 2020/59951
=035  \\$a(OCoLC)1242224994
=040  \\$aWA N$cWA N$dWA N
=045  2\$bd1996$bd2019
=046  \\$k2019
=080  \\$a821.162.1(091)(045/046)
=100  1\$aMizuro, Marta$d(1970- )$eAutor
=245  10$aWprawa w odbieraniu Nobla /$cMarta Mizuro.
=260  \\$c2019.
=336  \\$aTekst$btxt$2rdacontent
=337  \\$aBez urządzenia pośredniczącego$bn$2rdamedia
=338  \\$aWolumin$bnc$2rdacarrier
=380  \\$aArtykuły
=388  1\$a2001-
=600  17$aSzymborska, Wisława$d(1923-2012)$2DBN
=648  \7$a1901-2000$2DBN
=648  \7$a1989-2000$2DBN
=650  \7$aLiteracka Nagroda Nobla$2DBN
=651  \7$aPolska$2DBN
=655  \7$aArtykuł z czasopisma literackiego$2DBN
=655  \7$aArtykuł z czasopisma społeczno-kulturalnego$2DBN
=658  \\$aLiteraturoznawstwo
=773  0\$iW:$tOdra (Wrocław).$x0472-5182$g2019, nr 12, s. 42-44$w(PL)b0000001479660
=915  \\$aBZCz 2020/59951
=916  \\$aMizuro, Marta   (1970- )
=931  \\$a821.162.1(091)(045/046)
=945  2\$b1996$b2019
=946  \\$k2019
=950  \\$uhttps://eu05.alma.exlibrisgroup.com/view/uresolver/48OMNIS_NETWORK/openurl?u.ignore_date_coverage=true&portfolio_pid=53697518730005066&Force_direct=true$zZobacz w Polonie$853697518730005066
=951  \7$aPolska$2DBN
=955  \7$aArtykuł z czasopisma literackiego$2DBN
=955  \7$aArtykuł z czasopisma społeczno-kulturalnego$2DBN
=958  \\$aLiteraturoznawstwo
=980  \\$aArtykuły
=999  \\$aBNzkdbzcz$bsg$x08$y2020
  
