=LDR  02005naa a2200553 i 4500
=001  b1000000730588
=005  20221224142255.7
=008  200811s2019    pl           |000 0 pol c
=009  9911544955705606
=015  \\$aBZCz 2020/59906
=035  \\$a(PL)b1000000730588
=040  \\$aWA N$cWA N$dWA N
=045  2\$bd1945$bd2019
=046  \\$k2019
=080  \\$a821.162.1(091)(045/046)
=100  1\$aKlimko-Dobrzaniecki, Hubert$d(1967- )$eAutor
=245  10$aTokarczuk :$bpisarka z Polski /$cHubert Klimko-Dobrzaniecki.
=260  \\$c2019.
=336  \\$aTekst$btxt$2rdacontent
=337  \\$aBez urządzenia pośredniczącego$bn$2rdamedia
=338  \\$aWolumin$bnc$2rdacarrier
=380  \\$aArtykuły
=388  1\$a2001-
=600  17$aHauptmann, Gerhart$d(1862-1946)$2DBN
=648  \7$a2001-$2DBN
=650  \7$aLiteracka Nagroda Nobla$2DBN
=651  \7$aDolny Śląsk$2DBN
=655  \7$aArtykuł z czasopisma literackiego$2DBN
=655  \7$aArtykuł z czasopisma społeczno-kulturalnego$2DBN
=658  \\$aLiteraturoznawstwo
=773  0\$iW:$tOdra (Wrocław).$x0472-5182$g2019, nr 12, s. 100$w(PL)b0000001479660
=915  \\$aBZCz 2020/59906
=916  \\$aKlimko-Dobrzaniecki, Hubert   (1967- )
=931  \\$a821.162.1(091)(045/046)
=945  2\$b1945$b2019
=946  \\$k2019
=950  \\$uhttps://eu05.alma.exlibrisgroup.com/view/uresolver/48OMNIS_NETWORK/openurl?u.ignore_date_coverage=true&portfolio_pid=53697508250005066&Force_direct=true$zZobacz w Polonie$853697508250005066
=951  \7$aDolny Śląsk$2DBN
=955  \7$aArtykuł z czasopisma literackiego$2DBN
=955  \7$aArtykuł z czasopisma społeczno-kulturalnego$2DBN
=958  \\$aLiteraturoznawstwo
=980  \\$aArtykuły
=999  \\$aBNzkdbzcz$bsg$x08$y2020
  
