=LDR  02394naa a2200685 i 4500
=001  b1000000732243
=005  20211030063555.9
=008  200812s2020    pl           |000 0 pol c
=009  9911544521205606
=015  \\$aBZCz 2020/56249
=035  \\$a(OCoLC)1242187632
=040  \\$aWA N$cWA N$dWA N
=041  0\$apol$beng
=045  0\$bd2019
=046  \\$k2020
=080  \\$81.1\x$a07(045/046)
=245  00$aAnaliza informacji w mediach polskich i rosyjskich w dniu odebrania Nagrody Nobla przez Olgę Tokarczuk /$cNatalia Rudnicka (Uniwersytet Warszawski), Anastasiya Chvankova (Uniwersytet Warszawski).
=260  \\$c2020.
=336  \\$aTekst$btxt$2rdacontent
=337  \\$aBez urządzenia pośredniczącego$bn$2rdamedia
=338  \\$aWolumin$bnc$2rdacarrier
=380  \\$aArtykuły
=388  1\$a2001-
=504  \\$aBibliografia, netografia na stronach 56-57.
=546  \\$aStreszczenie w języku angielskim.
=600  17$aTokarczuk, Olga$d(1962- )$2DBN
=648  \7$a2001-$2DBN
=650  \7$aLiteracka Nagroda Nobla$2DBN
=650  \7$aPisarze polscy$2DBN
=651  \7$aPolska$2DBN
=655  \7$aArtykuł problemowy$2DBN
=655  \7$aArtykuł z czasopisma filologicznego$2DBN
=658  \\$aMedia i komunikacja społeczna
=700  1\$aRudnicka, Natalia$eAutor
=710  2\$aUniwersytet Warszawski$4oth
=773  0\$iW:$tForum Artis Rhetoricae : acta quater in anno edita in quibus historia, ratio ususq. rhetoricae tractantur.$x1733-1986.$g2020, nr 1, s. 49-57$w(PL)b0000001699005
=915  \\$aBZCz 2020/56249
=918  1\$aRudnicka, Natalia
=921  2\$aUniwersytet Warszawski
=931  \\$a07(045/046)
=945  0\$b2019
=946  \\$k2020
=951  \7$aPolska$2DBN
=955  \7$aArtykuł problemowy$2DBN
=955  \7$aArtykuł z czasopisma filologicznego$2DBN
=958  \\$aMedia i komunikacja społeczna
=980  \\$aArtykuły
=999  \\$aBNzkdbzcz$bat$x08$y2020
  
