=LDR  02341nam a2200709 i 4500
=001  b1000000735829
=005  20211030063727.3
=008  200909s2020    rm           |000 e rum c
=009  9911552955405606
=015  \\$aPZ 2020
=020  \\$a9786060202271$q(oprawa miękka)
=035  \\$a(OCoLC)1241599866
=040  \\$aWA N$cWA N$dWA N
=041  1\$arum$aeng$hrum
=045  2\$bd1962$b2020
=046  \\$k2020
=080  \\$a821.162.1(091)(0.054)
=084  \\$a11
=100  1\$aMuntean, Delia$d(1964- )$eAutor
=245  10$aCălătorind prin vremi cu Olga Tokarczuk =$bWandering through times with Olga Tokarczuk /$cDelia Muntean ; traducere în engleză Zorin Diaconescu.
=246  31$aWandering through times with Olga Tokarczuk
=260  \\$aCluj-Napoca :$bEditura Mega,$c2020.
=300  \\$a150, [2] strony ;$c20 cm.
=336  \\$aTekst$btxt$2rdacontent
=337  \\$aBez urządzenia pośredniczącego$bn$2rdamedia
=338  \\$aWolumin$bnc$2rdacarrier
=380  \\$aKsiążki
=386  \\$mPrzynależność kulturowa$aLiteratura rumuńska
=388  1\$a2001-
=546  \\$aTekst równolegle w języku rumuńskim i w przekładzie angielskim.
=600  17$aTokarczuk, Olga$d(1962- )$2DBN
=648  \7$a1901-2000$2DBN
=648  \7$a1945-1989$2DBN
=648  \7$a1989-2000$2DBN
=650  \7$aLiteratura polska$2DBN
=650  \7$aProza$2DBN
=651  \7$aPolska$2DBN
=655  \7$aEsej$2DBN
=658  \\$aLiteraturoznawstwo
=700  1\$aDiaconescu, Zorin$eTłumaczenie
=852  \\$822643610620005066$j1$h3.137.985 A$bBN_PL$p30001029214219$cbk1$zDedykacja: Muntean Delia dla Biblioteki Narodowej.
=915  \\$aPZ 2020
=916  \\$aMuntean, Delia   (1964- )
=918  1\$aDiaconescu, Zorin
=920  \\$a978-606-020-227-1 (oprawa miękka)
=931  \\$a821.162.1(091)(0.054)
=945  2\$b1962$b2020
=946  \\$k2020
=951  \7$aPolska$2DBN
=955  \7$aEsej$2DBN
=958  \\$aLiteraturoznawstwo
=980  \\$aKsiążki
=986  \\$aLiteratura rumuńska
=999  \\$aBNzgiuz$bmc
  
