=LDR  02199naa a2200601 i 4500
=001  b1000000738747
=005  20211030064519.4
=008  200821s2019    pl            000 0 pol c
=009  9911552803805606
=015  \\$aPrasa 2020/08/21
=035  \\$a(OCoLC)1242049234
=040  \\$aWA M$cWA M$dWA N
=045  2\$bd2001$bd2017
=046  \\$k2019
=100  1\$aTokarczuk, Olga$d(1962- )$eWywiad
=245  10$aCo Olga Tokarczuk mówi o pisaniu "Ksiąg Jakubowych" :$bto, że "Księgi Jakubowe" są tak szeroko czytane, przywraca wiarę w czytelnika - mówiła Olga Tokarczuk w 2017 r. : poniżej fragmenty wywiadu /$crozmawiali Jacek Antczak, Łukasz Śmigiel.
=260  \\$c11-13 X 2019.
=336  \\$aTekst$btxt$2rdacontent
=337  \\$aBez urządzenia pośredniczącego$bn$2rdamedia
=338  \\$aWolumin$bnc$2rdacarrier
=380  \\$aArtykuły
=388  1\$a2001-
=600  17$aTokarczuk, Olga$d(1962- )$2DBN
=648  \7$a2001-$2DBN
=650  \7$aLiteratura polska$2DBN
=650  \7$aPisarstwo$2DBN
=650  \7$aPisarze polscy$2DBN
=651  \7$aPolska$2DBN
=655  \7$aArtykuł z gazety$2DBN
=658  \\$aHistoria
=700  1\$aAntczak, Jacek$d(1969- )$eWywiad
=773  0\$iW:$tPolska (Metropolia Warszawska, wyd. zasadnicze).$x1898-3081$g2019, nr 81, s. 08-09$w(PL)b0000002035638
=915  \\$aPrasa 2020/08/21
=916  \\$aTokarczuk, Olga   (1962- )
=918  1\$aAntczak, Jacek$d(1969- )
=945  2\$b2001$b2017
=946  \\$k2019
=951  \7$aPolska$2DBN
=955  \7$aArtykuł z gazety$2DBN
=958  \\$aHistoria
=980  \\$aArtykuły
=999  \\$aWA M$bBD
  
