=LDR  01682naa a2200553 i 4500
=001  b1000000738788
=005  20211030064519.4
=008  200821s2019    pl            000 0 pol c
=009  9911552803605606
=015  \\$aPrasa 2020/08/21
=035  \\$a(OCoLC)1242049972
=040  \\$aWA M$cWA M$dWA N
=045  0\$bd2019
=046  \\$k2019
=100  1\$aIgnatowski, Grzegorz$eAutor
=245  10$aZ Olgi Tokarczuk nie zrezygnujemy na rzecz internetu czy innych rozrywek /$cGrzegorz Ignatowski.
=260  \\$c11-13 X 2019.
=336  \\$aTekst$btxt$2rdacontent
=337  \\$aBez urządzenia pośredniczącego$bn$2rdamedia
=338  \\$aWolumin$bnc$2rdacarrier
=380  \\$aArtykuły
=388  1\$a2001-
=600  17$aTokarczuk, Olga$d(1962- )$2DBN
=648  \7$a2001-$2DBN
=650  \7$aLaureaci$2DBN
=650  \7$aLiteracka Nagroda Nobla$2DBN
=650  \7$aLiteratura polska$2DBN
=650  \7$aPisarze polscy$2DBN
=651  \7$aPolska$2DBN
=655  \7$aArtykuł z gazety$2DBN
=658  \\$aHistoria
=773  0\$iW:$tPolska (Metropolia Warszawska, wyd. zasadnicze).$x1898-3081$g2019, nr 81, s. 06$w(PL)b0000002035638
=915  \\$aPrasa 2020/08/21
=916  \\$aIgnatowski, Grzegorz   
=945  0\$b2019
=946  \\$k2019
=951  \7$aPolska$2DBN
=955  \7$aArtykuł z gazety$2DBN
=958  \\$aHistoria
=980  \\$aArtykuły
=999  \\$aWA M$bBD
  
