=LDR  01846naa a2200553 i 4500
=001  b1000000738803
=005  20211030064250.1
=008  200821s2019    pl            000 0 pol c
=009  9911552801605606
=015  \\$aPrasa 2020/08/21
=035  \\$a(OCoLC)1242050013
=040  \\$aWA M$cWA M$dWA N
=045  2\$bd2019
=046  \\$k2019
=100  1\$aBrakoniecki, Bożydar$eAutor
=245  10$aOlga Tokarczuk z literackim Noblem :$bwielki sukces polskiej literatury : najważniejszy literacki laur znów w polskich rękach : 23 lata po nagrodzie dla Wisławy Szymborskiej znów mamy powód do dumy /$cBożydar Brakoniecki.
=260  \\$c11-13 X 2019.
=336  \\$aTekst$btxt$2rdacontent
=337  \\$aBez urządzenia pośredniczącego$bn$2rdamedia
=338  \\$aWolumin$bnc$2rdacarrier
=380  \\$aArtykuły
=388  1\$a2001-
=600  17$aTokarczuk, Olga$d(1962- )$2DBN
=648  \7$a2001-$2DBN
=650  \7$aLaureaci$2DBN
=650  \7$aLiteracka Nagroda Nobla$2DBN
=650  \7$aLiteratura polska$2DBN
=650  \7$aPisarze polscy$2DBN
=651  \7$aPolska$2DBN
=655  \7$aArtykuł publicystyczny$2DBN
=658  \\$aHistoria
=773  0\$iW:$tPolska (Metropolia Warszawska, wyd. zasadnicze).$x1898-3081$g2019, nr 81, s. 02$w(PL)b0000002035638
=915  \\$aPrasa 2020/08/21
=916  \\$aBrakoniecki, Bożydar   
=945  2\$b2019
=946  \\$k2019
=951  \7$aPolska$2DBN
=955  \7$aArtykuł publicystyczny$2DBN
=958  \\$aHistoria
=980  \\$aArtykuły
=999  \\$aWA M$bBD
  
