=LDR  01850naa a2200577 i 4500
=001  b1000000738866
=005  20211030064041.3
=008  200821s201     pl           |000 0 pol c
=009  9911552799605606
=035  \\$a(OCoLC)1242186007
=040  \\$aWA N$cWA N$dWA N
=045  0\$bd12018
=046  \\$k2019
=080  \\$81.1\x$a1(045/046)
=100  1\$aWandtke, Aleksander.$eAutor
=245  10$aTranshumanistyczne wątki w opowiadaniu Olgi Tokarczuk pt. "Kalendarz ludzkich świąt" /$cAleksander Wandtke.
=260  \\$c2019.
=336  \\$aTekst$btxt$2rdacontent
=337  \\$aBez urządzenia pośredniczącego$bn$2rdamedia
=338  \\$aWolumin$bnc$2rdacarrier
=380  \\$aArtykuły
=388  1\$a2001-
=504  \\$aBibliografia na stronie 86.
=600  17$aTokarczuk, Olga$d(1962- ).$tKalendarz ludzkich świąt$2DBN
=648  \7$a2001-$2DBN
=650  \7$aLiteratura polska$2DBN
=650  \7$aManipulacja (psychologia)$2DBN
=650  \7$aOpowiadania i nowele$2DBN
=650  \7$aReligia$2DBN
=650  \7$aTematy i motywy$2DBN
=650  \7$aTożsamość (filozofia)$2DBN
=650  \7$aTransgresja (psychologia)$2DBN
=655  \7$aArtykuł z pracy zbiorowej$2DBN
=658  \\$aFilozofia i etyka
=773  0\$iW:$tFilozofia : współczesne problemy i zjawiska.$gs. 76-87$w(PL)b1000000735145
=916  \\$aWandtke, Aleksander.   
=931  \\$a1(045/046)
=945  0\$b12018
=946  \\$k2019
=955  \7$aArtykuł z pracy zbiorowej$2DBN
=958  \\$aFilozofia i etyka
=980  \\$aArtykuły
=999  \\$aBNzkdroz$bmab
  
