=LDR  01713naa a2200553 i 4500
=001  b1000000739939
=005  20211030063727.3
=008  200824s2019    pl           |000 0 pol c
=009  9911552872905606
=035  \\$a(OCoLC)1242187136
=040  \\$aWA N$cWA N$dWA N
=045  0\$bd2018
=046  \\$k2019
=080  \\$81.1\x$a1(045/046)
=100  1\$aWandtke, Aleksander$eAutor
=245  10$aO (niektórych) ideach transhumanizmu w opowiadaniu "Transfugium" Olgi Tokarczuk /$cAleksander Wandtke.
=260  \\$c2019.
=336  \\$aTekst$btxt$2rdacontent
=337  \\$aBez urządzenia pośredniczącego$bn$2rdamedia
=338  \\$aWolumin$bnc$2rdacarrier
=380  \\$aArtykuły
=388  1\$a2001-
=504  \\$aBibliografia na stronach 86-88.
=600  17$aTokarczuk, Olga$d(1962- ).$tTransfugium$2DBN
=648  \7$a2001-$2DBN
=650  \7$aLiteratura polska$2DBN
=650  \7$aOpowiadania i nowele$2DBn
=650  \7$aTematy i motywy$2DBN
=655  \7$aArtykuł z pracy zbiorowej$2DBN
=658  \\$aFilozofia i etyka
=658  \\$aHistoria
=773  0\$iW:$tFilozoficzne aspekty literatury : studia i szkice.$gs. 72-88$w(PL)b1000000735225
=916  \\$aWandtke, Aleksander   
=931  \\$a1(045/046)
=945  0\$b2018
=946  \\$k2019
=955  \7$aArtykuł z pracy zbiorowej$2DBN
=958  \\$aFilozofia i etyka
=958  \\$aHistoria
=980  \\$aArtykuły
=999  \\$aBNzkdroz$bmab
  
