=LDR  01985naa a2200565 i 4500
=001  b1000000745196
=005  20211030063632.2
=008  200828s2019    pl            000 0 pol c
=009  9911554475205606
=015  \\$aPrasa 2020/08/28
=035  \\$a(OCoLC)1242180355
=040  \\$aWA M$cWA M$dWA N
=045  2\$bd1962$bd2019
=046  \\$k2019
=100  1\$aKapica, Tomasz$c(dziennikarz)$eAutor
=245  10$aKietrz jest dumny ze swojej noblistki :$bOlga Tokarczuk, laureatka literackiego Nobla, chodziła do liceum w Kietrzu, niewielkim mieście na południu Opolszczyzny : ludzie wciąż nie mogą tu uwierzyć w ten jej sukces /$cTomasz Kapica.
=260  \\$c21 X 2019.
=336  \\$aTekst$btxt$2rdacontent
=337  \\$aBez urządzenia pośredniczącego$bn$2rdamedia
=338  \\$aWolumin$bnc$2rdacarrier
=380  \\$aArtykuły
=388  1\$a2001-
=600  17$aTokarczuk, Olga$d(1962- )$2DBN
=648  \7$a1901-2000$2DBN
=648  \7$a1945-1989$2DBN
=648  \7$a1989-2000$2DBN
=650  \7$aPisarze polscy$2DBN
=651  \7$aKietrz (woj. opolskie, pow. głubczycki, gm. Kietrz)$2DBN
=655  \7$aArtykuł z gazety$2DBN
=658  \\$aHistoria
=658  \\$aLiteraturoznawstwo
=773  0\$iW:$tPolska (Metropolia Warszawska, wyd. zasadnicze).$x1898-3081$g2019, nr 84, s. 20-21$w(PL)b0000002035638
=915  \\$aPrasa 2020/08/28
=916  \\$aKapica, Tomasz  (dziennikarz) 
=945  2\$b1962$b2019
=946  \\$k2019
=951  \7$aKietrz (woj. opolskie, pow. głubczycki, gm. Kietrz)$2DBN
=955  \7$aArtykuł z gazety$2DBN
=958  \\$aHistoria
=958  \\$aLiteraturoznawstwo
=980  \\$aArtykuły
=999  \\$aWA M$bBD
  
