=LDR  01949naa a2200613 i 4500
=001  b1000000747214
=005  20211030063458.7
=008  200901s2019    pl           |000 0 pol c
=009  9911555426205606
=035  \\$a(OCoLC)1199661008
=040  \\$aWA N$cWA N$dWA N
=041  0\$apol$beng
=045  2\$bd1989$bd2019
=046  \\$k2019
=080  \\$a821.162.1(091)(045/046)
=100  1\$aPrais, Dominika$eAutor
=245  10$aMiędzy przedmiotem a podmiotem :$bstatus psich bohaterów w twórczości Olgi Tokarczuk /$cDominika Prais (Uniwersytet Gdański).
=246  30$aStatus psich bohaterów w twórczości Olgi Tokarczuk
=260  \\$c2019.
=336  \\$aTekst$btxt$2rdacontent
=337  \\$aBez urządzenia pośredniczącego$bn$2rdamedia
=338  \\$aWolumin$bnc$2rdacarrier
=380  \\$aArtykuły
=388  1\$a2001-
=504  \\$aBibliografia na stronie 189.
=546  \\$aStreszczenie w języku angielskim.
=600  17$aTokarczuk, Olga$d(1962- )$2DBN
=648  \7$a1901-2000$2DBN
=648  \7$a1989-2000$2DBN
=650  \7$aLiteratura polska$2DBN
=650  \7$aPodmiotowość$2DBN
=650  \7$aPowieść$2DBN
=650  \7$aPsy$2DBN
=655  \7$aArtykuł problemowy$2DBN
=658  \\$aLiteraturoznawstwo
=710  2\$aUniwersytet Gdański$4oth
=773  0\$iW:$tKot, pies, człowiek,$gs. 176-189$w(PL)b1000000530192
=916  \\$aPrais, Dominika   
=921  2\$aUniwersytet Gdański
=931  \\$a821.162.1(091)(045/046)
=935  \\$avtls000874432$9LOCAL$z48OMNIS_KUL
=945  2\$b1989$b2019
=946  \\$k2019
=955  \7$aArtykuł problemowy$2DBN
=958  \\$aLiteraturoznawstwo
=980  \\$aArtykuły
=999  \\$aBNzkdroz$bcpk
  
