=LDR  01857naa a2200577 i 4500
=001  b1000000747879
=005  20211030063805.1
=008  200901s2019    pl           |000 0 pol c
=009  9911555411905606
=035  \\$a(PL)b1000000747879
=040  \\$aWA N$cWA N$dWA N
=041  0\$apol$beng
=045  0\$bd1996
=046  \\$k2019
=080  \\$a821.162.1(091)(045/046)
=100  1\$aChudzińska-Parkosadze, Anna$eAutor
=245  10$aObrazy kobiet w powieści Olgi Tokarczuk "Prawiek i inne czasy" /$cAnna Chudzińska-Parkosadze.
=260  \\$c2019.
=336  \\$aTekst$btxt$2rdacontent
=337  \\$aBez urządzenia pośredniczącego$bn$2rdamedia
=338  \\$aWolumin$bnc$2rdacarrier
=380  \\$aArtykuły
=388  1\$a2001-
=504  \\$aBibliografia, netografia na stronach 125-127.
=546  \\$aStreszczenie w języku angielskim.
=600  17$aTokarczuk, Olga$d(1962- ).$tPrawiek i inne czasy$2DBN
=648  \7$a1901-2000$2DBN
=650  \7$aArchetyp (psychologia)$2DBN
=650  \7$aKobiecość$2DBN
=650  \7$aKobieta$2DBN
=650  \7$aLiteratura polska$2DBN
=650  \7$aPowieść$2DBN
=655  \7$aArtykuł problemowy$2DBN
=658  \\$aEtnologia i antropologia kulturowa
=773  0\$iW:$tKobieta w oczach kobiet,$gs. 111-127$w(PL)b1000000719559
=916  \\$aChudzińska-Parkosadze, Anna   
=931  \\$a821.162.1(091)(045/046)
=945  0\$b1996
=946  \\$k2019
=955  \7$aArtykuł problemowy$2DBN
=958  \\$aEtnologia i antropologia kulturowa
=980  \\$aArtykuły
=999  \\$aBNzkdroz$bjor
  
