=LDR  02170naa a2200613 i 4500
=001  b1000000747892
=005  20211030064500.8
=008  200901s2019    pl           |000 0 pol c
=009  9911555411605606
=035  \\$a(PL)b1000000747892
=040  \\$aWA N$cWA N$dWA N
=041  0\$apol$beng
=045  0\$bd2006
=046  \\$k2019
=080  \\$a821.162.1(091)(045/046)
=100  1\$aKłobukowski, Miłosz$eAutor
=245  10$aNiech żyje bogini! :$bmitologiczna antropologia kobiecości na przykładzie powieści Olgi Tokarczuk "Anna In w grobowcach świata" /$cMiłosz Kłobukowski (Kujawska Szkoła Wyższa we Włocławku).
=246  30$aMitologiczna antropologia kobiecości na przykładzie powieści Olgi Tokarczuk "Anna In w grobowcach świata"
=260  \\$c2019.
=336  \\$aTekst$btxt$2rdacontent
=337  \\$aBez urządzenia pośredniczącego$bn$2rdamedia
=338  \\$aWolumin$bnc$2rdacarrier
=380  \\$aArtykuły
=388  1\$a2001-
=504  \\$aBibliografia na stronie 138.
=546  \\$aStreszczenie w języku angielskim.
=600  17$aTokarczuk, Olga$d(1962- ).$tAnna In w grobowcach świata$2DBN
=648  \7$a2001-$2DBN
=650  \7$aArchetyp (psychologia)$2DBN
=650  \7$aKobiecość$2DBN
=650  \7$aKobieta$2DBN
=650  \7$aLiteratura polska$2DBN
=650  \7$aMit$2DBN
=650  \7$aPowieść$2DBN
=655  \7$aArtykuł problemowy$2DBN
=658  \\$aEtnologia i antropologia kulturowa
=710  2\$aKujawska Szkoła Wyższa (Włocławek)$4oth
=773  0\$iW:$tKobieta w oczach kobiet,$gs. 128-139$w(PL)b1000000719559
=916  \\$aKłobukowski, Miłosz   
=921  2\$aKujawska Szkoła Wyższa we Włocławku
=931  \\$a821.162.1(091)(045/046)
=945  0\$b2006
=946  \\$k2019
=955  \7$aArtykuł problemowy$2DBN
=958  \\$aEtnologia i antropologia kulturowa
=980  \\$aArtykuły
=999  \\$aBNzkdroz$bjor
  
