=LDR  01877naa a2200517 i 4500
=001  b1000000754747
=005  20211030063922.1
=008  200909s2020    pl           |000 e pol c
=009  9911559862605606
=015  \\$aBZCz 2020/66666
=035  \\$a(OCoLC)1242219798
=040  \\$aWA N$cWA N$dWA N
=045  2\$bd1989$bd1997
=046  \\$k2020
=080  \\$a821.162.1(091)(045/046)
=100  1\$aWalczak, Grzegorz$d(1941- )$eAutor
=245  10$aPrawiek zamknięty w teatrze /$cGrzegorz Walczak.
=260  \\$c2020.
=336  \\$aTekst$btxt$2rdacontent
=337  \\$aBez urządzenia pośredniczącego$bn$2rdamedia
=338  \\$aWolumin$bnc$2rdacarrier
=380  \\$aArtykuły
=388  1\$a2001-
=600  17$aTokarczuk, Olga$d(1962- ).$tPrawiek i inne czasy$2DBN
=648  \7$a1901-2000$2DBN
=650  \7$aLiteratura polska$2DBN
=655  \7$aArtykuł z czasopisma literackiego$2DBN
=658  \\$aLiteraturoznawstwo
=773  0\$iW:$tPodgląd : kwartalnik literacki Oddziału Warszawskiego Stowarzyszenia Pisarzy Polskich.$x2392-2753.$gR. 5[6], nr 1 (2020), s. 54-57$w(PL)b0000003722768
=915  \\$aBZCz 2020/66666
=916  \\$aWalczak, Grzegorz   (1941- )
=931  \\$a821.162.1(091)(045/046)
=945  2\$b1989$b1997
=946  \\$k2020
=950  \\$uhttps://eu.alma.exlibrisgroup.com/view/uresolver/48OMNIS_NETWORK/openurl?u.ignore_date_coverage=true&portfolio_pid=53698194520005066&Force_direct=true$zZobacz w Polonie$853698194520005066
=955  \7$aArtykuł z czasopisma literackiego$2DBN
=958  \\$aLiteraturoznawstwo
=980  \\$aArtykuły
=999  \\$aBNzkdbzcz$bans$x09$y2020
  
