=LDR  02506nam a2200721 i 4500
=001  b1000000755312
=005  20211030063650.4
=008  200909s2020    pl           |000 0 pol c
=009  9911561255305606
=020  \\$a9788395395543$q(oprawa miękka)
=035  \\$a(OCoLC)1241610297
=040  \\$aWA N$cWA N$dWA N
=045  0\$bd2019
=046  \\$k2020
=100  1\$aSokołowski, Marian Czesław$d(1933- )$eAutor$eWydawca$4pbl
=245  10$aRok 2019.$nT. 5,$pListopad, grudzień /$cMarian Czesław Sokołowski.
=246  30$aListopad, grudzień
=250  \\$aWydanie pierwsze.
=260  \\$aWarszawa :$bMarian Czesław Sokołowski,$c2020.
=300  \\$a233 strony ;$c29 cm.
=336  \\$aTekst$btxt$2rdacontent
=337  \\$aBez urządzenia pośredniczącego$bn$2rdamedia
=338  \\$aWolumin$bnc$2rdacarrier
=380  \\$aKsiążki
=388  1\$a2001-
=490  1\$aPeta / Marian Czesław Sokołowski ;$vnr 29
=600  17$aTokarczuk, Olga$d(1962- )$2DBN
=610  27$aTVN24$2DBN
=630  07$aFakty (program telewizyjny)$2DBN
=648  \7$a2001-$2DBN
=650  \7$aLiteratura polska$2DBN
=650  \7$aPolityka wewnętrzna$2DBN
=650  \7$aPolityka zagraniczna$2DBN
=650  \7$aPrawo$2DBN
=651  \7$aPolska$2DBN
=655  \7$aKomentarz$2DBN
=655  \7$aPublicystyka polityczna$2DBN
=658  \\$aPolityka, politologia, administracja publiczna
=800  1\$aSokołowski, Marian Czesław$d(1933- ).$tPeta ;$vnr 29
=852  \\$822644507690005066$j1$h3.185.964 A$bBN_PL$p30001027776238$cbk1
=916  \\$aSokołowski, Marian Czesław   (1933- )
=920  \\$a978-83-953955-4-3 (oprawa miękka)
=923  \\$aSokołowski, Marian Czesław$d(1933- )
=930  07$aFakty (program telewizyjny)$2DBN
=945  0\$b2019
=946  \\$k2020
=951  \7$aPolska$2DBN
=955  \7$aKomentarz$2DBN
=955  \7$aPublicystyka polityczna$2DBN
=958  \\$aPolityka, politologia, administracja publiczna
=980  \\$aKsiążki
=999  \\$aBNzkdeo$bma
  
