=LDR  02456nam a22007091i 4500
=001  b1000000758642
=005  20211030064537.4
=006  m     o  d |
=007  cr#cn#nnnann|n
=008  200911s2019    gw      o    |000 0 ger c
=009  9911561815505606
=015  \\$aPZ 2019
=020  \\$a9783631788042$q(PDF)
=035  \\$a(PL)b1000000758642
=040  \\$aWA N$cWA N$dWA N
=046  \\$k2019
=080  \\$81.1\x$a821.162.1(091)(0.054)
=084  \\$a01
=100  1\$aPacyniak, Jolanta$eAutor
=245  10$aVon Menschen, Dingen und Räumen :$bKonstruktionen literarischer Gegenständlichkeit in ausgewählten Werken der deutschen und polnischen Gegenwartsliteratur /$cJolanta Pacyniak.
=246  30$aKonstruktionen literarischer Gegenständlichkeit in ausgewählten Werken der deutschen und polnischen Gegenwartsliteratur
=256  \\$aDane tekstowe.
=260  \\$aFrankfurt am Main :$bPeter Lang,$c2019.
=336  \\$aTekst$btxt$2rdacontent
=337  \\$aKomputer$bc$2rdamedia
=338  \\$aDokument online$bcr$2rdacarrier
=347  \\$aPlik tekstowy$bPDF
=380  \\$aE-booki
=388  1\$a2001-
=490  1\$aLubliner Beiträge zur Germanistik und angewandten Linguistik ;$vBd. 11
=504  \\$aBibliografia na stronach 309-325.
=510  3\$aDNB online.
=530  \\$aPublikacja dostępna także w wersji drukowanej.
=538  \\$aTryb dostępu: online.
=600  17$aBator, Joanna$d(1968- )$2DBN
=600  17$aDückers, Tanja$d(1968- )$2DBN
=600  17$aErpenbeck, Jenny$d(1967- )$2DBN
=600  17$aFranck, Julia$d(1970- )$2DBN
=650  \7$aCzłowiek$2DBN
=650  \7$aLiteratura niemiecka$2DBN
=650  \7$aLiteratura polska$2DBN
=650  \7$aProza$2DBN
=650  \7$aPrzedmioty użytku codziennego$2DBN
=650  \7$aPrzestrzeń$2DBN
=655  \7$aMonografia$2DBN
=658  \\$aLiteraturoznawstwo
=830  \0$aLubliner Beiträge zur Germanistik und Angewandten Linguistik$vBd. 11
=915  \\$aPZ 2019
=916  \\$aPacyniak, Jolanta.   
=920  \\$a978-3-631-78804-2 (PDF)
=931  \\$a821.162.1(091)(0.054)
=946  \\$k2019
=955  \7$aMonografia$2DBN
=958  \\$aLiteraturoznawstwo
=980  \\$aE-booki
=999  \\$aBNzkdpz$bszb$xs
  
