=LDR  02098nam a2200625 i 4500
=001  b1000000759743
=005  20220407041505.4
=008  200914s2020    xxu          |001 0 eng c
=009  9911563256805606
=015  \\$aPZ 2020
=020  \\$a9781793605030$q(oprawa twarda w płótnie)
=035  \\$a(OCoLC)1242225793
=040  \\$aWA N$cWA N$dWA N
=045  2\$bd1901$bd2000
=046  \\$k2020
=080  \\$a821.162.1(091)(0.054)
=084  \\$a01
=100  1\$aHutchens, Jack J. B.$d(1974- )$eAutor
=245  10$aQueer transgressions in twentieth-century Polish fiction :$bgender, nation, politics /$cJack J. B. Hutchens.
=260  \\$aLanham :$bLexington Books,$c© 2020.
=300  \\$a154 strony ;$c24 cm.
=336  \\$aTekst$btxt$2rdacontent
=337  \\$aBez urządzenia pośredniczącego$bn$2rdamedia
=338  \\$aWolumin$bnc$2rdacarrier
=380  \\$aKsiążki
=388  1\$a2001-
=500  \\$aNa stronie tytułowej także inne siedziby wydawcy.
=504  \\$aBibliografia na stronach 131-137. Indeks.
=600  17$aGombrowicz, Witold$d(1904-1969)$2DBN
=600  17$aIwaszkiewicz, Jarosław$d(1894-1980)$2DBN
=600  17$aPankowski, Marian$d(1919-2011)$2DBN
=600  17$aStryjkowski, Julian$d(1905-1996)$2DBN
=648  \7$a1901-2000$2DBN
=650  \7$aLiteratura polska$2DBN
=650  \7$aProza$2DBN
=655  \7$aOpracowanie$2DBN
=658  \\$aLiteraturoznawstwo
=852  \\$822684929700005066$j1$h3.200.746 A$bBN_PL$p30001029238079$cbk1
=915  \\$aPZ 2020
=916  \\$aHutchens, Jack J. B.   (1974- )
=920  \\$a978-1-7936-0503-0 (oprawa twarda w płótnie)
=931  \\$a821.162.1(091)(0.054)
=945  2\$b1901$b2000
=946  \\$k2020
=955  \7$aOpracowanie$2DBN
=958  \\$aLiteraturoznawstwo
=980  \\$aKsiążki
=999  \\$aBNzkdpz$bmd$aBNzkdkwd0521$bnpk$xs$yk
  
