=LDR  02118nam a22006491i 4500
=001  b1000000759781
=005  20211030063458.7
=006  m     o  d |
=007  cr#cn#nnnann|n
=008  200914s2020    xxu     o    |001 0 eng c
=009  9911563256305606
=015  \\$aPZ 2020
=020  \\$a9781793605047
=035  \\$a(PL)b1000000759781
=040  \\$aWA N$cWA N$dWA N
=045  2\$bd1901$bd2000
=046  \\$k2020
=080  \\$a821.162.1(091)(0.054)
=084  \\$a01
=100  1\$aHutchens, Jack J. B.$d(1974- )$eAutor
=245  10$aQueer transgressions in twentieth-century Polish fiction :$bgender, nation, politics /$cJack J. B. Hutchens.
=256  \\$aDane tekstowe.
=260  \\$aLanham :$bLexington Books,$c© 2020.
=336  \\$aTekst$btxt$2rdacontent
=337  \\$aKomputer$bc$2rdamedia
=338  \\$aDokument online$bcr$2rdacarrier
=347  \\$aPlik tekstowy$bEPUB
=380  \\$aE-booki
=388  1\$a2001-
=500  \\$aŹródło opisu: https://rowman.com/ISBN/9781793605030 ; https://www.amazon.com/Queer-Transgressions-Twentieth-Century-Polish-Fiction/dp/1793605033, dostęp 14.09.2020.
=504  \\$aBibliografia. Indeks.
=510  3\$aBL online.
=530  \\$aPublikacja dostępna także w wersji drukowanej.
=538  \\$aTryb dostępu: online.
=600  17$aGombrowicz, Witold$d(1904-1969)$2DBN
=600  17$aIwaszkiewicz, Jarosław$d(1894-1980)$2DBN
=600  17$aPankowski, Marian$d(1919-2011)$2DBN
=600  17$aStryjkowski, Julian$d(1905-1996)$2DBN
=648  \7$a1901-2000$2DBN
=650  \7$aLiteratura polska$2DBN
=650  \7$aProza$2DBN
=655  \7$aOpracowanie$2DBN
=658  \\$aLiteraturoznawstwo
=915  \\$aPZ 2020
=916  \\$aHutchens, Jack J. B.   (1974- ).
=920  \\$a978-1-7936-0504-7
=931  \\$a821.162.1(091)(0.054)
=945  2\$b1901$b2000
=946  \\$k2020
=955  \7$aOpracowanie$2DBN
=958  \\$aLiteraturoznawstwo
=980  \\$aE-booki
=999  \\$aBNzkdpz$bmd$xs
  
