=LDR  01910naa a2200577 i 4500
=001  b1000000760561
=005  20221110164516.1
=008  200915s2020    pl           |000 0 pol c
=009  9911563545105606
=015  \\$aBZCz 2020/74195
=035  \\$a(PL)b1000000760561
=040  \\$aWA N$cWA N$dWA N
=045  2\$bd1905$bd2018
=046  \\$k2020
=080  \\$a821.162.1(091)(045/046)
=100  1\$aRuszar, Józef Maria$d(1951- )$eAutor
=245  10$aParadoksy Sienkiewicza i Tokarczuk :$bczytelnicy a literaturoznawcy /$cJózef Maria Ruszar.
=260  \\$c2020.
=336  \\$aTekst$btxt$2rdacontent
=337  \\$aBez urządzenia pośredniczącego$bn$2rdamedia
=338  \\$aWolumin$bnc$2rdacarrier
=380  \\$aArtykuły
=388  1\$a2001-
=600  17$aSienkiewicz, Henryk$d(1846-1916)$2DBN
=648  \7$a1901-2000$2DBN
=650  \7$aCzytelnictwo$2DBN
=650  \7$aLiteracka Nagroda Nobla$2DBN
=650  \7$aLiteratura polska$2DBN
=650  \7$aLiteraturoznawcy$2DBN
=650  \7$aPowieść$2DBN
=655  \7$aArtykuł z czasopisma literackiego$2DBN
=655  \7$aArtykuł z czasopisma o sztuce$2DBN
=658  \\$aLiteraturoznawstwo
=773  0\$iW:$tNowy Napis : liryka, epika, dramat.$x2657-6791$gR. 2, nr 5 (2020), s. 9-19$w(PL)b1000000363049
=915  \\$aBZCz 2020/74195
=916  \\$aRuszar, Józef Maria   (1951- ).
=931  \\$a821.162.1(091)(045/046)
=945  2\$b1905$b2018
=946  \\$k2020
=955  \7$aArtykuł z czasopisma literackiego$2DBN
=955  \7$aArtykuł z czasopisma o sztuce$2DBN
=958  \\$aLiteraturoznawstwo
=980  \\$aArtykuły
=999  \\$aBNzdkbzcz$bjjk$x10$y2020
  
