=LDR  01650naa a2200517 i 4500
=001  b1000000760595
=005  20211030064617.5
=008  200915s2020    pl           |000 0 pol c
=009  9911563544005606
=015  \\$aBZCz 2020/74202
=035  \\$a(PL)b1000000760595
=040  \\$aWA N$cWA N$dWA N
=045  2\$bd2012$bd2019
=046  \\$k2020
=080  \\$a821.162.1(091)(045/046)
=100  1\$aSala, Zuzanna$d(1994- ).$eAutor
=245  10$aAbstrakty i zbyt proste pytania /$cZuzanna Sala.
=260  \\$c2020.
=336  \\$aTekst$btxt$2rdacontent
=337  \\$aBez urządzenia pośredniczącego$bn$2rdamedia
=338  \\$aWolumin$bnc$2rdacarrier
=380  \\$aArtykuły
=388  1\$a2001-
=600  17$aTokarczuk, Olga$d(1962- )$2DBN
=648  \7$a2001-$2DBN
=650  \7$aLiteratura polska$2DBN
=650  \7$aPisarze polscy$2DBN
=655  \7$aArtykuł z czasopisma literackiego$2DBN
=655  \7$aArtykuł z czasopisma o sztuce$2DBN
=658  \\$aLiteraturoznawstwo
=773  0\$iW:$tNowy Napis : liryka, epika, dramat.$x2657-6791$gR. 2, nr 5 (2020), s. 38-44$w(PL)b1000000363049
=915  \\$aBZCz 2020/74202
=916  \\$aSala, Zuzanna   (1994- ).
=931  \\$a821.162.1(091)(045/046)
=945  2\$b2012$b2019
=946  \\$k2020
=955  \7$aArtykuł z czasopisma literackiego$2DBN
=955  \7$aArtykuł z czasopisma o sztuce$2DBN
=958  \\$aLiteraturoznawstwo
=980  \\$aArtykuły
=999  \\$aBNzdkbzcz$bjjk$x10$y2020
  
