=LDR  01932naa a2200589 i 4500
=001  b1000000760653
=005  20211030064556.8
=008  200915s2020    pl           |000 0 pol c
=009  9911563542705606
=015  \\$aBZCz 2020/73882
=035  \\$a(PL)b1000000760653
=040  \\$aWA N$cWA N$dWA N
=045  2\$bd1998$bd2007
=046  \\$k2020
=080  \\$a821.162.1(091)(045/046)
=100  1\$aBrożek, Ida$eAutor
=245  10$aStrategie przedstawiania męskości w prozie Olgi Tokarczuk /$cIda Brożek.
=260  \\$c2020.
=336  \\$aTekst$btxt$2rdacontent
=337  \\$aBez urządzenia pośredniczącego$bn$2rdamedia
=338  \\$aWolumin$bnc$2rdacarrier
=380  \\$aArtykuły
=388  1\$a2001-
=600  17$aTokarczuk, Olga$d(1962- ).$tBieguni$2DBN
=600  17$aTokarczuk, Olga$d(1962- ).$tDom dzienny, dom nocny$2DBN
=648  \7$a1901-2000$2DBN
=648  \7$a1989-2000$2DBN
=650  \7$aLiteratura polska$2DBN
=650  \7$aMęskość$2DBN
=650  \7$aMężczyzna$2DBN
=650  \7$aPowieść$2DBN
=655  \7$aArtykuł z czasopisma literackiego$2DBN
=655  \7$aArtykuł z czasopisma o sztuce$2DBN
=658  \\$aLiteraturoznawstwo
=773  0\$iW:$tNowy Napis : liryka, epika, dramat.$x2657-6791$gR. 2, nr 5 (2020), s. 45-52$w(PL)b1000000363049
=915  \\$aBZCz 2020/73882
=916  \\$aBrożek, Ida   
=931  \\$a821.162.1(091)(045/046)
=945  2\$b1998$b2007
=946  \\$k2020
=955  \7$aArtykuł z czasopisma literackiego$2DBN
=955  \7$aArtykuł z czasopisma o sztuce$2DBN
=958  \\$aLiteraturoznawstwo
=980  \\$aArtykuły
=999  \\$aBNzdkbzcz$bjjk$x10$y2020
  
