=LDR  01706naa a2200541 i 4500
=001  b1000000760717
=005  20211030064117.6
=008  200915s2020    pl           |000 0 pol c
=009  9911563540005606
=015  \\$aBZCz 2020/74086
=035  \\$a(PL)b1000000760717
=040  \\$aWA N$cWA N$dWA N
=045  2\$bd1962$bd2020
=046  \\$k2020
=080  \\$a821.162.1(091)(045/046)
=100  1\$aMatwiejczuk, Filip.$eAutor
=245  10$aOlga Tokarczuk :$bstyl i poglądy /$cFilip Matwiejczuk.
=260  \\$c2020.
=336  \\$aTekst$btxt$2rdacontent
=337  \\$aBez urządzenia pośredniczącego$bn$2rdamedia
=338  \\$aWolumin$bnc$2rdacarrier
=380  \\$aArtykuły
=388  1\$a2001-
=600  17$aTokarczuk, Olga$d(1962- )$2DBN
=648  \7$a1901-2000$2DBN
=648  \7$a1945-1989$2DBN
=648  \7$a1989-2000$2DBN
=650  \7$aLiteratura polska$2DBN
=655  \7$aArtykuł z czasopisma literackiego$2DBN
=655  \7$aArtykuł z czasopisma o sztuce$2DBN
=658  \\$aLiteraturoznawstwo
=773  0\$iW:$tNowy Napis : liryka, epika, dramat.$x2657-6791$gR. 2, nr 5 (2020), s. 71-78$w(PL)b1000000363049
=915  \\$aBZCz 2020/74086
=916  \\$aMatwiejczuk, Filip.   
=931  \\$a821.162.1(091)(045/046)
=945  2\$b1962$b2020
=946  \\$k2020
=955  \7$aArtykuł z czasopisma literackiego$2DBN
=955  \7$aArtykuł z czasopisma o sztuce$2DBN
=958  \\$aLiteraturoznawstwo
=980  \\$aArtykuły
=999  \\$aBNzdkbzcz$bjjk$x10$y2020
  
