=LDR  01802naa a2200565 i 4500
=001  b1000000760811
=005  20211030063941.3
=008  200915s2020    pl           |000 0 pol c
=009  9911563537605606
=015  \\$aBZCz 2020/74053
=035  \\$a(PL)b1000000760811
=040  \\$aWA N$cWA N$dWA N
=045  0\$bd2019
=046  \\$k2020
=080  \\$a821.162.1(091)(045/046)
=100  1\$aKusiak, Paweł.$eAutor
=245  10$aW stronę wyjścia :$bpozorna wspólnotowość Olgi Tokarczuk /$cPaweł Kusiak.
=260  \\$c2020.
=336  \\$aTekst$btxt$2rdacontent
=337  \\$aBez urządzenia pośredniczącego$bn$2rdamedia
=338  \\$aWolumin$bnc$2rdacarrier
=380  \\$aArtykuły
=388  1\$a2001-
=600  17$aTokarczuk, Olga$d(1962- ).$tCzuły narrator$2DBN
=648  \7$a2001-$2DBN
=650  \7$aLiteracka Nagroda Nobla$2DBN
=650  \7$aLiteratura$2DBN
=650  \7$aLiteratura polska$2DBN
=650  \7$aMit$2DBN
=650  \7$aOdczyty$2DBN
=650  \7$aPisarstwo$2DBN
=655  \7$aArtykuł z czasopisma literackiego$2DBN
=655  \7$aArtykuł z czasopisma o sztuce$2DBN
=658  \\$aLiteraturoznawstwo
=773  0\$iW:$tNowy Napis : liryka, epika, dramat.$x2657-6791$gR. 2, nr 5 (2020), s. 79-83$w(PL)b1000000363049
=915  \\$aBZCz 2020/74053
=916  \\$aKusiak, Paweł.   
=931  \\$a821.162.1(091)(045/046)
=945  0\$b2019
=946  \\$k2020
=955  \7$aArtykuł z czasopisma literackiego$2DBN
=955  \7$aArtykuł z czasopisma o sztuce$2DBN
=958  \\$aLiteraturoznawstwo
=980  \\$aArtykuły
=999  \\$aBNzdkbzcz$bjjk$x10$y2020
  
