=LDR  01886naa a2200565 i 4500
=001  b1000000760867
=005  20211030063727.3
=008  200915s2020    pl           |000 0 pol c
=009  9911563536605606
=015  \\$aBZCz 2020/74031
=035  \\$a(PL)b1000000760867
=040  \\$aWA N$cWA N$dWA N
=045  2\$bd2006$bd2019
=046  \\$k2020
=080  \\$81.2\x$a821.162.1(091)(045/046)
=100  1\$aKosenda, Patryk$d(1993- ).$eAutor
=245  10$aGolem z gatunkowej gliny czyli Noblistka na manowcach fantastyki /$cPatryk Kosenda.
=246  30$aNoblistka na manowcach fantastyki.
=260  \\$c2020.
=336  \\$aTekst$btxt$2rdacontent
=337  \\$aBez urządzenia pośredniczącego$bn$2rdamedia
=338  \\$aWolumin$bnc$2rdacarrier
=380  \\$aArtykuły
=388  1\$a2001-
=600  17$aTokarczuk, Olga$d(1962- )$2DBN
=648  \7$a2001-$2DBN
=650  \7$aFantastyka$2DBN
=650  \7$aLiteratura polska$2DBN
=650  \7$aPisarstwo$2DBN
=655  \7$aArtykuł z czasopisma literackiego$2DBN
=655  \7$aArtykuł z czasopisma o sztuce$2DBN
=658  \\$aLiteraturoznawstwo
=773  0\$iW:$tNowy Napis : liryka, epika, dramat.$x2657-6791$gR. 2, nr 5 (2020), s. 53-61$w(PL)b1000000363049
=915  \\$aBZCz 2020/74031
=916  \\$aKosenda, Patryk   (1993- ).
=931  \\$a821.162.1(091)(045/046)
=945  2\$b2006$b2019
=946  \\$k2020
=955  \7$aArtykuł z czasopisma literackiego$2DBN
=955  \7$aArtykuł z czasopisma o sztuce$2DBN
=958  \\$aLiteraturoznawstwo
=980  \\$aArtykuły
=999  \\$aBNzdkbzcz$bjjk$x10$y2020
  
