=LDR  03353naa a2200865 i 4500
=001  b1000000761258
=005  20220922135510.3
=008  200915s2020    pl           |000 0 pol c
=009  9911563308605606
=015  \\$aBZCz 2020/66556
=035  \\$a(OCoLC)1242181136
=040  \\$aWA N$cWA N$dWA N
=041  0\$apol$beng
=045  2\$bd2009$bd2017
=046  \\$k2020
=080  \\$81.1\x$a821.162.1(091)(045/046)
=080  \\$81.2\x$a791(045/046)
=100  1\$aMoroz, Agnieszka$d(1987- )$eAutor
=245  10$aCzy człowiek występujący w obronie przyrody przed drugim człowiekiem to Nestbeschmutzer? :$bWokół powieści Olgi Tokarczuk "Prowadź swój pług przez kości umarłych" /$cAgata Moroz (Wydział Polonistyki. Uniwersytet Jagielloński).
=246  30$aWokół powieści Olgi Tokarczuk "Prowadź swój pług przez kości umarłych"
=260  \\$c2020.
=336  \\$aTekst$btxt$2rdacontent
=337  \\$aBez urządzenia pośredniczącego$bn$2rdamedia
=338  \\$aWolumin$bnc$2rdacarrier
=380  \\$aArtykuły
=388  1\$a2001-
=504  \\$aBibliografia, netografia, filmografia na stronie 155.
=546  \\$aStreszczenie w języku angielskim.
=600  17$aTokarczuk, Olga$d(1962- ).$tProwadź swój pług przez kości umarłych$2DBN
=630  07$aPokot (film)$2DBN
=648  \7$a2001-$2DBN
=650  \7$aAktywizm społeczny$2DBN
=650  \7$aDyskurs$2DBN
=650  \7$aEkofeminizm$2DBN
=650  \7$aOchrona przyrody$2DBN
=650  \7$aWpływ i recepcja$2DBN
=651  \7$aPolska$2DBN
=655  \7$aArtykuł problemowy$2DBN
=655  \7$aArtykuł z czasopisma kulturalnego$2DBN
=655  \7$aArtykuł z czasopisma literackiego$2DBN
=655  \7$aArtykuł z czasopisma naukowego$2DBN
=658  \\$aKultura i sztuka
=658  \\$aLiteraturoznawstwo
=710  2\$aWydział Polonistyki (Uniwersytet Jagielloński)$4oth
=773  0\$iW:$tCzas Kultury : kultura, literatura, filozofia.$x0867-2148$gR. 35[36], nr 1 (2020), s. 149-156$w(PL)b0000001298076
=915  \\$aBZCz 2020/66556
=916  \\$aMoroz, Agnieszka   (1987- )
=921  2\$aWydział Polonistyki (Uniwersytet Jagielloński)
=930  07$aPokot (film)$2DBN
=931  \\$a821.162.1(091)(045/046)
=931  \\$a791(045/046)
=945  2\$b2009$b2017
=946  \\$k2020
=950  \\$uhttps://eu05.alma.exlibrisgroup.com/view/uresolver/48OMNIS_NETWORK/openurl?u.ignore_date_coverage=true&portfolio_pid=53697258670005066&Force_direct=true$zZobacz w Polonie$853697258670005066
=951  \7$aPolska$2DBN
=955  \7$aArtykuł problemowy$2DBN
=955  \7$aArtykuł z czasopisma kulturalnego$2DBN
=955  \7$aArtykuł z czasopisma literackiego$2DBN
=955  \7$aArtykuł z czasopisma naukowego$2DBN
=958  \\$aKultura i sztuka
=958  \\$aLiteraturoznawstwo
=980  \\$aArtykuły
=999  \\$aBNzkdbzcz$bjks$x09$y2020
  
