=LDR  01973naa a2200589 i 4500
=001  b1000000761927
=005  20211030064059.5
=008  200916s2020    pl           |000 0 pol c
=009  9911563528505606
=015  \\$aBZCz 2020/73879
=035  \\$a(OCoLC)1242183382
=040  \\$aWA N$cWA N$dWA N
=045  2\$bd1993$bd2018
=046  \\$k2020
=080  \\$a821.162.1(091)(045/046)
=100  1\$aBrenskott, Krzysztof.$eAutor
=245  10$aGranica, która oddziela od światła :$bobraz(y) czasu w twórczości Olgi Tokarczuk /$cKrzysztof Brenskott.
=246  30$aObraz(y) czasu w twórczości Olgi Tokarczuk.
=260  \\$c2020.
=336  \\$aTekst$btxt$2rdacontent
=337  \\$aBez urządzenia pośredniczącego$bn$2rdamedia
=338  \\$aWolumin$bnc$2rdacarrier
=380  \\$aArtykuły
=388  1\$a2001-
=600  17$aTokarczuk, Olga$d(1962- )$2DBN
=648  \7$a1901-2000$2DBN
=648  \7$a1989-2000$2DBN
=650  \7$aCzas$2DBN
=650  \7$aLiteratura polska$2DBN
=650  \7$aOpowiadania i nowele$2DBN
=650  \7$aPowieść$2DBN
=655  \7$aArtykuł publicystyczny$2DBN
=655  \7$aArtykuł z czasopisma literackiego$2DBN
=658  \\$aLiteraturoznawstwo
=773  0\$iW:$tNowy Napis : liryka, epika, dramat.$x2657-6791$gR. 2, nr 5 (2020), s. 88-102$w(PL)b1000000363049
=915  \\$aBZCz 2020/73879
=916  \\$aBrenskott, Krzysztof.   
=931  \\$a821.162.1(091)(045/046)
=945  2\$b1993$b2018
=946  \\$k2020
=955  \7$aArtykuł publicystyczny$2DBN
=955  \7$aArtykuł z czasopisma literackiego$2DBN
=958  \\$aLiteraturoznawstwo
=980  \\$aArtykuły
=999  \\$aBNzdkbzcz$bjjk$x10$y2020
  
