=LDR  02280naa a2200661 i 4500
=001  b1000000763173
=005  20211030064308.2
=008  200917s2020    pl           |000 0 pol c
=009  9911566141705606
=035  \\$a(OCoLC)1242174104
=040  \\$aWA N$cWA N$dWA N
=041  0\$apol$beng
=045  0\$bd2017
=046  \\$k2020
=080  \\$81.1\x$a821.162.1(091)(045/046)
=100  1\$aMytych-Forajter, Beata$d(1974- )$eAutor
=245  10$aOddychanie :$bo sile (z) roślin na podstawie książek Olgi Tokarczuk "Zgubiona dusza" i Martina Widmarka "Dom, który się przebudził" /$cBeata Mytych-Forajter (Uniwersytet Śląski w Katowicach).
=260  \\$c2020.
=336  \\$aTekst$btxt$2rdacontent
=337  \\$aBez urządzenia pośredniczącego$bn$2rdamedia
=338  \\$aWolumin$bnc$2rdacarrier
=380  \\$aArtykuły
=388  1\$a2001-
=504  \\$aBibliografia na stronie 158.
=546  \\$aStreszczenie w języku angielskim.
=600  17$aTokarczuk, Olga$d(1962- ).$tZgubiona dusza$2DBN
=648  \7$a2001-$2DBN
=650  \7$aKsiążka obrazkowa$2DBN
=650  \7$aLiteratura dla dzieci$2DBN
=650  \7$aLiteratura dla młodzieży$2DBN
=650  \7$aLiteratura polska$2DBN
=650  \7$aLiteratura szwedzka$2DBN
=650  \7$aOddychanie$2DBN
=650  \7$aOpowiadania i nowele$2DBN
=650  \7$aPowietrze$2DBN
=650  \7$aRośliny$2DBN
=655  \7$aArtykuł problemowy$2DBN
=658  \\$aLiteraturoznawstwo
=710  2\$aUniwersytet Śląski$4oth
=773  0\$iW:$tŻywioły w literaturze dziecięcej : powietrze$gs. 147-159$w(PL)b1000000760741
=916  \\$aMytych-Forajter, Beata   (1974- )
=921  2\$aUniwersytet Śląski
=931  \\$a821.162.1(091)(045/046)
=945  0\$b2017
=946  \\$k2020
=955  \7$aArtykuł problemowy$2DBN
=958  \\$aLiteraturoznawstwo
=980  \\$aArtykuły
=999  \\$aBNzkdroz$brs
  
