=LDR  01872naa a2200553 i 4500
=001  b1000000765232
=005  20211030063708.5
=008  200918s2020    pl           |000 0 pol c
=009  9911566224905606
=035  \\$a(OCoLC)1204364516
=040  \\$aWA N$cWA N$dWA N
=041  0\$apol$beng
=045  0\$bd2012
=046  \\$k2020
=080  \\$a821.162.1(091)(045/046)
=100  1\$aChudzińska-Parkosadze, Anna$eAutor
=245  10$aMitologizacja obrazu rzeki w eseju Olgi Tokarczuk "Odra" /$cAnna Chudzińska-Parkosadze (Polskie Stowarzyszenie Badań nad Zachodnim Ezoteryzmem, Kraków).
=260  \\$c2020.
=336  \\$aTekst$btxt$2rdacontent
=337  \\$aBez urządzenia pośredniczącego$bn$2rdamedia
=338  \\$aWolumin$bnc$2rdacarrier
=380  \\$aArtykuły
=388  1\$a2001-
=546  \\$aStreszczenie w języku angielskim.
=600  17$aTokarczuk, Olga$d(1962- ).$tOdra$2DBN
=648  \7$a2001-$2DBN
=650  \7$aEsej$2DBN
=650  \7$aLiteratura polska$2DBN
=651  \7$aOdra (rzeka)$2DBN
=655  \7$aArtykuł problemowy$2DBN
=658  \\$aLiteraturoznawstwo
=710  2\$aPolskie Stowarzyszenie Badań nad Zachodnim Ezoteryzmem$4oth
=773  0\$iW:$tŻywioły : motyw wody w literaturze, kulturze i sztuce$gs. 187-196$w(PL)b1000000757270
=916  \\$aChudzińska-Parkosadze, Anna   
=921  2\$aPolskie Stowarzyszenie Badań nad Zachodnim Ezoteryzmem
=931  \\$a821.162.1(091)(045/046)
=945  0\$b2012
=946  \\$k2020
=951  \7$aOdra (rzeka)$2DBN
=955  \7$aArtykuł problemowy$2DBN
=958  \\$aLiteraturoznawstwo
=980  \\$aArtykuły
=999  \\$aBNzkdroz$brs
  
