=LDR  02649naa a2200781 i 4500
=001  b1000000766462
=005  20211030063727.3
=008  200921s2020    pl            000 0 pol c
=009  9911566411005606
=015  \\$aPrasa 2020/09/21
=035  \\$a(OCoLC)1242046874
=040  \\$aŁ M$cŁ M$dWA N
=045  2\$bd 2014$bd 2020
=046  \\$k2020
=100  1\$aKania, Dorota$d(1964- )$eAutor
=245  10$aNoblistka, wegetariańska kawiarnia i... ubój zwierząt /$cDorota Kania.
=260  \\$c19 VIII 2020.
=336  \\$aTekst$btxt$2rdacontent
=337  \\$aBez urządzenia pośredniczącego$bn$2rdamedia
=338  \\$aWolumin$bnc$2rdacarrier
=380  \\$aArtykuły
=388  1\$a2001-
=520  8\$aMenedżerka i wspólniczka weganki Olgi Tokarczuk ma wędzarnię.
=600  17$aDymek, Marta$2DBN
=600  17$aKłossowska-Tyszka, Beata$2DBN
=610  27$aKawiarnia "Dobra Nowina" (Nowa Ruda)$2DBN
=648  \7$a2001-$2DBN
=650  \7$aDobrostan zwierząt$2DBN
=650  \7$aKawiarnie i cukiernie$2DBN
=650  \7$aKuchnia wegańska$2DBN
=650  \7$aKuchnia wegetariańska$2DBN
=650  \7$aMasarstwo$2DBN
=650  \7$aPrawa zwierząt$2DBN
=650  \7$aRzeźnia$2DBN
=650  \7$aRzeźnictwo$2DBN
=650  \7$aWeganizm$2DBN
=651  \7$aGmina Nowa Ruda (woj. dolnośląskie, pow. kłodzki)$2DBN
=655  \7$aLiteratura polska$2DBN
=655  \7$aArtykuł publicystyczny$2DBN
=658  \\$aGospodarka, ekonomia, finanse
=658  \\$aKultura i sztuka
=658  \\$aLiteraturoznawstwo
=658  \\$aOpieka nad zwierzętami i weterynaria
=773  0\$iW:$tGazeta Polska (Warszawa ; 1993).$x1230-4581.$g2020, nr 34, s. 24-25$w(PL)b0000001610037
=915  \\$aPrasa 2020/09/21
=916  \\$aKania, Dorota   (1964- )
=945  2\$b 2014$b 2020
=946  \\$k2020
=951  \7$aGmina Nowa Ruda (woj. dolnośląskie, pow. kłodzki)$2DBN
=955  \7$aLiteratura polska$2DBN
=955  \7$aArtykuł publicystyczny$2DBN
=958  \\$aGospodarka, ekonomia, finanse
=958  \\$aKultura i sztuka
=958  \\$aLiteraturoznawstwo
=958  \\$aOpieka nad zwierzętami i weterynaria
=980  \\$aArtykuły
=999  \\$aBNbzczp$bŁ M IJ
  
