=LDR  02107naa a2200613 i 4500
=001  b1000000769985
=005  20211030063519.2
=008  200924s2020    pl            |0000 pol c
=009  9911535251705606
=015  \\$aBL 2020/09/23
=035  \\$a(PL)b1000000769985
=040  \\$aLUBL M$cLUBL M$dLUBL M
=045  2\$bd2019$bd2020
=046  \\$k2020
=100  1\$aSkomra, Sławomir$eAutor
=245  10$aOczyszczalnia dla noblistki. Od naukowca z Lublina /$cSławomir Skomra.
=260  \\$c23 IX 2020.
=336  \\$aTekst$btxt$2rdacontent
=337  \\$aBez urządzenia pośredniczącego$bn$2rdamedia
=338  \\$aWolumin$bnc$2rdacarrier
=380  \\$aArtykuły
=388  1\$a2001-
=600  17$aJóźwiakowski, Krzysztof$2DBN
=610  27$aKatedra Inżynierii Kształtowania Środowiska i Geodezji (Uniwersytet Przyrodniczy ; Lublin)$2DBN
=648  \7$a2001-$2DBN
=650  \7$aBadania naukowe$2DBN
=650  \7$aBiologiczna oczyszczalnia ścieków$2DBN
=650  \7$aGospodarka odpadami$2DBN
=650  \7$aGospodarstwo domowe$2DBN
=651  \7$aLublin (woj. lubelskie)$2DBN
=655  \7$aArtykuł publicystyczny$2DBN
=655  \7$aArtykuł z czasopisma regionalnego i lokalnego$2DBN
=658  \\$aGospodarka, ekonomia, finanse
=658  \\$aNauka i badania
=773  0\$iW:$tDziennik Wschodni.$x2353-6926$g2020, nr 186, s. 2$w(PL)b0000003058760
=915  \\$aBL 2020/09/23
=916  \\$aSkomra, Sławomir   
=945  2\$b2019$b2020
=946  \\$k2020
=951  \7$aLublin (woj. lubelskie)$2DBN
=955  \7$aArtykuł publicystyczny$2DBN
=955  \7$aArtykuł z czasopisma regionalnego i lokalnego$2DBN
=958  \\$aGospodarka, ekonomia, finanse
=958  \\$aNauka i badania
=980  \\$aArtykuły
=999  \\$aWBPLdbl$bregion aps$cdw
  
