=LDR  02383naa a2200685 i 4500
=001  b1000000774105
=005  20220921140942.7
=008  200928s2020    pl           |000 0 pol c
=009  9911568859905606
=015  \\$aBZCz 2020/73589
=035  \\$a(OCoLC)1242242474
=040  \\$aWA N$cWA N$dWA N
=045  0\$bd2020
=046  \\$k2020
=080  \\$81.1\x$a82(091)+82.01/.09(045/046)
=080  \\$81.2\x$a821.162.1(091)(045/046)
=100  1\$aOszajca, Wacław$d(1947- )$eAutor
=245  10$aZmaterializować czułość /$cWacław Oszajca ; przy współpracy Rafała Stugińskiego.
=260  \\$c2020.
=336  \\$aTekst$btxt$2rdacontent
=337  \\$aBez urządzenia pośredniczącego$bn$2rdamedia
=338  \\$aWolumin$bnc$2rdacarrier
=380  \\$aArtykuły
=388  1\$a2001-
=504  \\$aBibliografia na stronie 31.
=600  17$aTokarczuk, Olga$d(1962- ).$tCzuły narrator$2DBN
=630  07$aBiblia$2DBN
=648  \7$a2001-$2DBN
=650  \7$aChrześcijaństwo$2DBN
=650  \7$aLiteratura$2DBN
=650  \7$aOdczyty$2DBN
=655  \7$aArtykuł problemowy$2DBN
=655  \7$aArtykuł z czasopisma literackiego$2DBN
=658  \\$aLiteraturoznawstwo
=700  1\$aStrugiński, Rafał$d(1981- )$eAutor
=773  0\$iW:$tAkcent (Lublin).$x0208-6220$gR. 41, nr 3 (2020), s. 22-31$w(PL)b0000001101525
=915  \\$aBZCz 2020/73589
=916  \\$aOszajca, Wacław   (1947- )
=918  1\$aStrugiński, Rafał$d(1981- )
=930  07$aBiblia$2DBN
=931  \\$a82(091)+82.01/.09(045/046)
=931  \\$a821.162.1(091)(045/046)
=945  0\$b2020
=946  \\$k2020
=950  \\$uhttps://eu05.alma.exlibrisgroup.com/view/uresolver/48OMNIS_NETWORK/openurl?u.ignore_date_coverage=true&portfolio_pid=53698071350005066&Force_direct=true$zZobacz w Polonie$853698071350005066
=955  \7$aArtykuł problemowy$2DBN
=955  \7$aArtykuł z czasopisma literackiego$2DBN
=958  \\$aLiteraturoznawstwo
=980  \\$aArtykuły
=999  \\$aBNzkdbzcz$bjjk$x10$y2020
  
