=LDR  02153naa a2200565 i 4500
=001  b1000000775436
=005  20211030063519.2
=008  200929s2019    pl           |000 0 pol c
=009  9911568834605606
=035  \\$a(OCoLC)1242216679
=040  \\$aWA N$cWA N$dWA N
=041  0\$apol$beng
=045  0\$bd1993
=046  \\$k2019
=080  \\$a821.162.1(091)(045/046)
=100  1\$aGórecka, Ewa$c(polonista)$eAutor
=245  10$aMikrokosmos :$bo obrazach oberży i jej funkcjach narracyjnych w "Podróży ludzi księgi" Olgi Tokarczuk /$cEwa Górecka (Uniwersytet Kazimierza Wielkiego w Bydgoszczy. Wydział Humanistyczny. Instytut Filologii Polskiej i Kulturoznawstwa).
=246  30$aO obrazach oberży i jej funkcjach narracyjnych w "Podróży ludzi księgi" Olgi Tokarczuk
=260  \\$c2019.
=336  \\$aTekst$btxt$2rdacontent
=337  \\$aBez urządzenia pośredniczącego$bn$2rdamedia
=338  \\$aWolumin$bnc$2rdacarrier
=380  \\$aArtykuły
=388  1\$a2001-
=546  \\$aStreszczenie w języku angielskim.
=600  17$aTokarczuk, Olga$d(1962- ).$tPodróż Ludzi Księgi$2DBN
=648  \7$a1901-2000$2DBN
=650  \7$aKarczmy$2DBN
=650  \7$aLiteratura polska$2DBN
=650  \7$aPowieść$2DBN
=655  \7$aArtykuł problemowy$2DBN
=658  \\$aLiteraturoznawstwo
=710  2\$aInstytut Filologii Polskiej i Kulturoznawstwa (Uniwersytet Kazimierza Wielkiego ; Bydgoszcz)$4oth
=773  0\$iW:$tRzeczpospolita domów. 5, Karczmy, zajazdy, gospody....$gs. 325-335$w(PL)b1000000490164
=916  \\$aGórecka, Ewa  (polonista) 
=921  2\$aInstytut Filologii Polskiej i Kulturoznawstwa (Uniwersytet Kazimierza Wielkiego ; Bydgoszcz)
=931  \\$a821.162.1(091)(045/046)
=945  0\$b1993
=946  \\$k2019
=955  \7$aArtykuł problemowy$2DBN
=958  \\$aLiteraturoznawstwo
=980  \\$aArtykuły
=999  \\$aBNzkdroz$bmav
  
