=LDR  01777naa a2200493 i 4500
=001  b1000000776405
=005  20211030063614.1
=008  200930s2020    pl           |000 0 pol c
=009  9911569129505606
=015  \\$aBZCz 2020/82569
=035  \\$a(OCoLC)1242256502
=040  \\$aWA N$cWA N$dWA N
=046  \\$k2020
=080  \\$a82(091)+82.01/.09(045/046)
=100  1\$aKoziołek, Ryszard$d(1966- )$eAutor
=245  10$aMagowie made in Poland /$cRyszard Koziołek.
=260  \\$c2020.
=336  \\$aTekst$btxt$2rdacontent
=337  \\$aBez urządzenia pośredniczącego$bn$2rdamedia
=338  \\$aWolumin$bnc$2rdacarrier
=380  \\$aArtykuły
=386  \\$mPrzynależność kulturowa$aLiteratura polska
=388  1\$a2001-
=600  17$aSapkowski, Andrzej$d(1948- )$2DBN
=650  \7$aLiteratura polska$2DBN
=655  \7$aArtykuł z czasopisma literackiego$2DBN
=658  \\$aLiteraturoznawstwo
=773  0\$iW:$tKsiążki : magazyn literacki.$x1642-2066$g2020, nr 1, s. 40-44$w(PL)b0000001554182
=915  \\$aBZCz 2020/82569
=916  \\$aKoziołek, Ryszard   (1966- )
=931  \\$a82(091)+82.01/.09(045/046)
=946  \\$k2020
=950  \\$uhttps://eu.alma.exlibrisgroup.com/view/uresolver/48OMNIS_NETWORK/openurl?u.ignore_date_coverage=true&portfolio_pid=53697477840005066&Force_direct=true$zZobacz w Polonie$853697477840005066
=955  \7$aArtykuł z czasopisma literackiego$2DBN
=958  \\$aLiteraturoznawstwo
=980  \\$aArtykuły
=986  \\$aLiteratura polska
=999  \\$aBNzkdbzcz$bmn$x12$y2020
  
