=LDR  06699ngm a2201417 a 4500
=001  b1000000776810
=005  20221025123755.5
=007  vd#csaizq
=008  200930s2020    pl 151       |    vlmul  
=009  9911568923005606
=028  41$aANA 001 AV$bAnaklasis
=035  \\$a(OCoLC)1241591486
=040  \\$aWA N$cWA N$dWA N$dKR U
=041  1\$aakk$achu$aeng$agrc$alat$anah$aspa$jeng$jpol$eeng$epol$geng$gpol
=046  \\$k2018
=245  00$aAhat ilī - siostra bogów /$cAleksander Nowak ; Olga Tokarczuk. Operacja opera / [produkcja Blu-ray'a Polskie Wydawnictwo Muzyczne, Krakowskie Biuro Festiwalowe].
=246  14$aAhat ilī - sister of gods ;$bOperation opera
=260  \\$aKraków :$bPolskie Wydawnictwo Muzyczne,$c2020.
=300  \\$a1 Blu-ray (120 min 59 s, 29 min 58 s) :$bdźwiękowy, kolorowy ;$c12 cm +$e1 booklet.
=306  \\$a023057
=336  \\$aObraz ruchomy 2D$btdi$2rdacontent
=337  \\$aWideo$bv$2rdamedia
=338  \\$aPłyta wideo$bvd$2rdacarrier
=380  \\$aFilmy i seriale
=386  \\$mPrzynależność kulturowa$aFilm polski
=388  1\$a2001-
=490  1\$aImages
=500  \\$aOpis z etykiety płyty i opakowania.
=500  \\$aBooklet zawiera komentarz Ewy Szczecińskiej w jęz. polskim i angielskim oraz libretto w jęz. oryginalnych - angielskim, staro-cerkiewno-słowiańskim, hiszpańskim, nahuatl, akadyjskim, starogreckim i łacińskim - z tłumaczeniem na jęz. polski i angielski.
=500  \\$aMuzyka Aleksander Nowak ; libretto Olga Tokarczuk na podstawie powieści "Anna In w grobowcach świata".
=500  \\$aAhat ilī - siostra bogów ℗ & ©  2018 PWM Edition ; Operacja opera ℗ & © 2019 PWM Edition, Telewizja Polska SA.
=508  \\$aReżyseria Pia Partum ; scenografia, kostiumy Magdalena Maciejewska ; choreografia Agnieszka Dmochowska-Sławiec ; reżyseria światła Jacqueline Sobiszewski ; realizacja dźwięku Marek Suberlak ; realizacja telewizyjna Grzegorz Kućmierz, Maciej Stasiński ; miks dźwięku Julita Emanuiłow ; montaż Maciej Stasiński.
=511  0\$aUrszula Kryger (Ninszubur) ; Joanna Freszel (Inanna) ; Ewa Biegas (Ereszkigal) ; Jan Jakub Monowid (Dumuzi) ; Łukasz Konieczny (Ojciec 1 - gramatyk, kapłan) ; Bartłomiej Misiuda (Ojeciec 2 - logik) ; Sebastian Szumski (Ojciec 3 - socjobiolog) ; Chór Polskiego Radia ; Orkiestra AUKSO ; Marek Moś, dyrygent.
=538  \\$aDźwięk: Surround 5.1 (opera), PCM Stereo ; obraz: 1018i high definition 16:9.
=546  \\$aŚpiew w językach oryginalnych - angielskim, staro-cerkiewno-słowiańskim, hiszpańskim, nahuatl, akadyjskim, starogreckim i łacińskim, napisy w językach polskim i angielskim.
=600  07$aIsztar$c(bóstwo)$2DBN
=650  \7$aMitologia sumeryjska$2DBN
=650  \7$aPowroty zmarłych$2DBN
=650  \7$aRelacja romantyczna$2DBN
=650  \7$aŚmierć$2DBN
=655  \7$aFilm dokumentalny$2DBN
=655  \7$aMuzyka poważna$2DBN
=655  \7$aMuzyka sceniczna$2DBN
=655  \7$aNagranie na żywo$2DBN
=655  \7$aOpera (utwór muzyczny)$2DBN
=700  12$aNowak, Aleksander$d(1979- ).$tAhat ili
=700  1\$aTokarczuk, Olga$d(1962- )$eLibretto
=700  1\$aSzczecińska, Ewa$c(dziennikarka)$eKomentarz
=700  1\$aPartum, Pia$eReżyseria
=700  1\$aSosiński, Jan$d(1958- )$eReżyseria
=700  1\$aKosowski, Andrzej$d(1970- )$eScenariusz
=700  1\$aMaciejewska, Magdalena$d(1962- )$eKostiumy$eScenografia
=700  1\$aDmochowska-Sławiec, Agnieszka$eChoreografia
=700  1\$aSobiszewski, Jacqueline$eŚwiatło
=700  1\$aSuberlak, Marek$eDźwięk
=700  1\$aKućmierz, Grzegorz$eRealizacja
=700  1\$aStasiński, Maciej$eMontaż$eRealizacja
=700  1\$aEmanuiłow, Julita$eReżyseria nagrania
=700  1\$aKryger, Urszula$d(1964- )$eWykonanie
=700  1\$aFreszel, Joanna$d(1983- )$eWykonanie
=700  1\$aBiegas, Ewa$d(1977- )$eWykonanie
=700  1\$aMonowid, Jan Jakub$eWykonanie
=700  1\$aKonieczny, Łukasz$c(śpiewak)$eWykonanie
=700  1\$aMisiuda, Bartłomiej$d(1976- )$eWykonanie
=700  1\$aSzumski, Sebastian$d(1984- )$eWykonanie
=710  2\$aChór Polskiego Radia (Kraków)$eWykonanie
=710  2\$aAUKSO (orkiestra kameralna).$eWykonanie
=710  2\$aPolskie Wydawnictwo Muzyczne$eProdukcja$eWydawca$4pbl
=830  \0$aImages (Polskie Wydawnictwo Muzyczne)
=852  \\$822645247170005066$j1$hFon.DVD.74.593$bBN_PL$p888a1111842$cbnag
=852  \\$822645247190005066$j1$hFon.DVD.74.592 A$bBN_PL$p888a1111840$cbnag_a
=852  \\$822568050400005067$j1$hBJ Muz. F 21$bBJ$p1002663981$cBJ_M_MUZ
=918  12$aNowak, Aleksander$d(1979- ).
=918  1\$aTokarczuk, Olga$d(1962- )
=918  1\$aSzczecińska, Ewa$c(dziennikarka)
=918  1\$aPartum, Pia
=918  1\$aSosiński, Jan$d(1958- )
=918  1\$aKosowski, Andrzej$d(1970- )
=918  1\$aMaciejewska, Magdalena$d(1962- )
=918  1\$aDmochowska-Sławiec, Agnieszka
=918  1\$aSobiszewski, Jacqueline
=918  1\$aSuberlak, Marek
=918  1\$aKućmierz, Grzegorz
=918  1\$aStasiński, Maciej
=918  1\$aEmanuiłow, Julita
=918  1\$aKryger, Urszula$d(1964- )
=918  1\$aFreszel, Joanna$d(1983- )
=918  1\$aBiegas, Ewa$d(1977- )
=918  1\$aMonowid, Jan Jakub
=918  1\$aKonieczny, Łukasz$c(śpiewak)
=918  1\$aMisiuda, Bartłomiej$d(1976- )
=918  1\$aSzumski, Sebastian$d(1984- )
=921  2\$aChór Polskiego Radia (Kraków)
=921  2\$aAUKSO (orkiestra kameralna).
=921  2\$aPolskie Wydawnictwo Muzyczne
=923  \\$aPolskie Wydawnictwo Muzyczne
=946  \\$k2018
=955  \7$aFilm dokumentalny$2DBN
=955  \7$aMuzyka poważna$2DBN
=955  \7$aMuzyka sceniczna$2DBN
=955  \7$aNagranie na żywo$2DBN
=955  \7$aOpera (utwór muzyczny)$2DBN
=980  \\$aFilmy i seriale
=986  \\$aFilm polski
=999  \\$aBNzzdia$bai
  
