=LDR  01808naa a2200541 i 4500
=001  b1000000779103
=005  20211030063824.9
=008  201002s2020    pl           |000 0dpol c
=009  9911568878705606
=035  \\$a(OCoLC)1242057035
=040  \\$aWA N$cWA N$dWA N
=045  2\$bd1979$bd2020
=046  \\$k2020
=080  \\$a821.162.1(091)(045/046)
=100  1\$aŻebrowska, Danuta$eAutor
=245  10$aMistrzostwo polskiej noblistki Olgi Tokarczuk i jej świat wartości :$b(prolegomena) /$cDanuta Żebrowska (Uniwersytet Gdański).
=260  \\$c2020.
=336  \\$aTekst$btxt$2rdacontent
=337  \\$aBez urządzenia pośredniczącego$bn$2rdamedia
=338  \\$aWolumin$bnc$2rdacarrier
=380  \\$aArtykuły
=388  1\$a2001-
=600  17$aTokarczuk, Olga$d(1962- )$2DBN
=648  \7$a1901-2000$2DBN
=648  \7$a1945-1989$2DBN
=648  \7$a1989-2000$2DBN
=650  \7$aLaureaci$2DBN
=650  \7$aLiteracka Nagroda Nobla$2DBN
=655  \7$aArtykuł monograficzny$2DBN
=658  \\$aLiteraturoznawstwo
=710  2\$aUniwersytet Gdański$4oth
=773  0\$iW:$tSpołeczeństwo - kultura - wychowanie : księga jubileuszowa dedykowana profesorowi Januszowi Sztumskiemu z okazji 90-lecia urodzin.$gs. 365-372$w(PL)b1000000724915
=916  \\$aŻebrowska, Danuta   
=921  2\$aUniwersytet Gdański
=931  \\$a821.162.1(091)(045/046)
=945  2\$b1979$b2020
=946  \\$k2020
=955  \7$aArtykuł monograficzny$2DBN
=958  \\$aLiteraturoznawstwo
=980  \\$aArtykuły
=999  \\$aBNzkdroz$bws
  
