=LDR  01513naa a2200457 i 4500
=001  b1000000783656
=005  20211030064346.2
=008  201007s2020    pl           |000 0 pol c
=009  9911571835105606
=015  \\$aBZCz 2020/74091
=035  \\$a(OCoLC)1242374379
=040  \\$aWA N$cWA N$dWA N
=046  \\$k2020
=080  \\$a821.162.1(091)(045/046)
=100  1\$aMencwel, Andrzej$d(1940- )$eAutor
=245  10$aCzuły wielogłos /$cAndrzej Mencwel.
=260  \\$c2020.
=336  \\$aTekst$btxt$2rdacontent
=337  \\$aBez urządzenia pośredniczącego$bn$2rdamedia
=338  \\$aWolumin$bnc$2rdacarrier
=380  \\$aArtykuły
=388  1\$a2001-
=600  17$aTokarczuk, Olga$d(1962- ).$tCzuły narrator$2DBN
=650  \7$aLiteracka Nagroda Nobla$2DBN
=655  \7$aArtykuł z czasopisma literackiego$2DBN
=658  \\$aLiteraturoznawstwo
=773  0\$iW:$tTwórczość : miesięcznik literacko-krytyczny.$x0041-4727$gR. 76, nr 7/8 (2020), s.197-203$w(PL)b0000001302625
=915  \\$aBZCz 2020/74091
=916  \\$aMencwel, Andrzej   (1940- )
=931  \\$a821.162.1(091)(045/046)
=946  \\$k2020
=955  \7$aArtykuł z czasopisma literackiego$2DBN
=958  \\$aLiteraturoznawstwo
=980  \\$aArtykuły
=999  \\$aBNzkdbzcz$bsg$x10$y2020
  
