=LDR  02177naa a2200673 i 4500
=001  b1000000783932
=005  20220326163002.6
=008  201007s2020    pl           |000 0 pol c
=009  9911571315705606
=015  \\$aBZCz 2020/73994
=035  \\$a(OCoLC)1242049532
=040  \\$aWA N$cWA N$dWA N
=045  2\$bd2009$bd2017
=046  \\$k2020
=080  \\$81.1\x$a821.162.1(091)(045/046)
=100  1\$aJaworska, Justyna$d(1975- )$eAutor
=245  10$aOpowieści o łowach i zemście /$cJustyna Jaworska.
=260  \\$c2020.
=336  \\$aTekst$btxt$2rdacontent
=337  \\$aBez urządzenia pośredniczącego$bn$2rdamedia
=338  \\$aWolumin$bnc$2rdacarrier
=380  \\$aArtykuły
=386  \\$mPrzynależność kulturowa$aLiteratura polska
=388  1\$a2001-
=600  17$aTokarczuk, Olga$d(1962- ).$tProwadź swój pług przez kości umarłych$2DBN
=630  07$aPokot (film)$2DBN
=648  \7$a2001-$2DBN
=650  \7$aCzarownice i czarownicy$2DBN
=650  \7$aFilm polski$2DBN
=650  \7$aLiteratura polska$2DBN
=650  \7$aŁowiectwo$2DBN
=650  \7$aMyśliwi$2DBN
=650  \7$aTematy i motywy$2DBN
=655  \7$aArtykuł z czasopisma literackiego$2DBN
=655  \7$aArtykuł z czasopisma naukowego$2DBN
=658  \\$aKultura i sztuka
=773  0\$iW:$tDialog (Warszawa ; 1956).$x0012-2041$gR. 65, nr 4 (2020), s. 53-59$w(PL)b0000001297083
=915  \\$aBZCz 2020/73994
=916  \\$aJaworska, Justyna   (1975- )
=930  07$aPokot (film)$2DBN
=931  \\$a821.162.1(091)(045/046)
=945  2\$b2009$b2017
=946  \\$k2020
=955  \7$aArtykuł z czasopisma literackiego$2DBN
=955  \7$aArtykuł z czasopisma naukowego$2DBN
=958  \\$aKultura i sztuka
=980  \\$aArtykuły
=986  \\$aLiteratura polska
=999  \\$aBNzkdbzcz$bjks$x10$y2020
  
