=LDR  01975naa a2200601 i 4500
=001  b1000000785221
=005  20211030064442.7
=008  201008s2020    pl           |000 0 pol c
=009  9911571983605606
=015  \\$aBZCz 2020/73391
=024  7\$a10.26112/kw.2020.109.12$2doi
=035  \\$a(OCoLC)1242168176
=040  \\$aWA N$cWA N$dWA N
=041  0\$apol$beng
=045  0\$bd1997
=046  \\$k2020
=080  \\$a82(091)+82.01/.09(045/046)
=100  1\$aGralewicz-Wolny, Iwona$eAutor
=245  10$aMiędzy Genezis a Apokalipsą :$bwokół opowiadania "Deus ex" Olgi Tokarczuk /$cIwona Gralewicz-Wolny.
=246  30$aWokół opowiadania "Deus ex" Olgi Tokarczuk
=260  \\$c2020.
=336  \\$aTekst$btxt$2rdacontent
=337  \\$aBez urządzenia pośredniczącego$bn$2rdamedia
=338  \\$aWolumin$bnc$2rdacarrier
=380  \\$aArtykuły
=388  1\$a2001-
=504  \\$aBibliografia na stronie 186.
=546  \\$aStreszczenie w języku angielskim.
=600  17$aTokarczuk, Olga$d(1962- ).$tDeus ex$2DBN
=648  \7$a1901-2000$2DBN
=650  \7$aKatastrofy$2DBN
=650  \7$aKatharsis$2DBN
=650  \7$aLiteratura polska$2DBN
=650  \7$aOpowiadania i nowele$2DBN
=655  \7$aArtykuł problemowy$2DBN
=658  \\$aLiteraturoznawstwo
=773  0\$iW:$tKultura Współczesna : teoria, interpretacje, krytyka.$x1230-4808.$g2020, nr 2, s. 178-187$w(PL)b0000001608722
=915  \\$aBZCz 2020/73391
=916  \\$aGralewicz-Wolny, Iwona   
=931  \\$a82(091)+82.01/.09(045/046)
=945  0\$b1997
=946  \\$k2020
=955  \7$aArtykuł problemowy$2DBN
=958  \\$aLiteraturoznawstwo
=980  \\$aArtykuły
=999  \\$aBNzkdbzcz$bjor$x10$y2020
  
