=LDR  02330naa a2200601 i 4500
=001  b1000000787190
=005  20211030063458.7
=008  201012s2019    pl           |000 0 eng c
=009  9911573166705606
=015  \\$aBZCz 2020/73964
=024  7\$a10.19195/0860-0716.29.5$2doi
=035  \\$a(PL)b1000000787190
=040  \\$aWA N$cWA N$dWA N
=045  0\$bd2007
=046  \\$k2019
=080  \\$a821.162.1(091)(045/046)
=100  1\$aGórecka, Ewa$c(polonista)$eAutor
=245  10$aHolland as a space of knowledge and cognitive receptivity :$bthe image of the Netherlands in Olga Tokarczuk’s "Flights" from the perspective of looking /$cEwa Górecka (Uniwersytet Kazimierza Wielkiego w Bydgoszczy).
=260  \\$c2019.
=336  \\$aTekst$btxt$2rdacontent
=337  \\$aBez urządzenia pośredniczącego$bn$2rdamedia
=338  \\$aWolumin$bnc$2rdacarrier
=380  \\$aArtykuły
=388  1\$a2001-
=504  \\$aBibliografia na stronach 83-85.
=600  17$aTokarczuk, Olga$d(1962- ).$tBieguni$2DBN
=648  \7$a2001-$2DBN
=650  \7$aImagologia$2DBN
=650  \7$aLiteratura polska$2DBN
=651  \7$aHolandia$2DBN
=655  \7$aArtykuł problemowy$2DBN
=655  \7$aArtykuł z czasopisma filologicznego$2DBN
=658  \\$aLiteraturoznawstwo
=710  2\$aUniwersytet Kazimierza Wielkiego (Bydgoszcz)$4oth
=773  0\$iW:$tActa Universitatis Wratislaviensis. Neerlandica Wratislaviensia.$x0860-0716.$gNr 29 (2019), s. 71-85$w(PL)b0000001610923
=915  \\$aBZCz 2020/73964
=916  \\$aGórecka, Ewa  (polonista) 
=921  2\$aUniwersytet Kazimierza Wielkiego (Bydgoszcz)
=931  \\$a821.162.1(091)(045/046)
=945  0\$b2007
=946  \\$k2019
=950  \\$uhttps://eu.alma.exlibrisgroup.com/view/uresolver/48OMNIS_NETWORK/openurl?u.ignore_date_coverage=true&portfolio_pid=53697210880005066&Force_direct=true$zZobacz w Polonie$853697210880005066
=951  \7$aHolandia$2DBN
=955  \7$aArtykuł problemowy$2DBN
=955  \7$aArtykuł z czasopisma filologicznego$2DBN
=958  \\$aLiteraturoznawstwo
=980  \\$aArtykuły
=999  \\$aBNzkdbzcz$bans$x10$y2020
  
