=LDR  01740naa a2200529 i 4500
=001  b1000000787258
=005  20211030064424.5
=008  201012s2020    pl            |0000 pol c
=009  9911573052005606
=015  \\$aPrasa 2020/10/12
=035  \\$a(PL)b1000000787258
=040  \\$aWA N$cWA N$dWA N
=045  2\$bd2019$b2020
=046  \\$k2020
=100  1\$aTokarczuk, Olga$d(1962- )$eWywiad
=245  10$aNagroda mnie nie zmieniła :$brok po literackim Noblu dla Olgi Tokarczuk /$c[rozmawiał] Michał Nogaś.
=246  30$aRok po literackim Noblu dla Olgi Tokarczuk
=260  \\$c10-11 X 2020.
=336  \\$aTekst$btxt$2rdacontent
=337  \\$aBez urządzenia pośredniczącego$bn$2rdamedia
=338  \\$aWolumin$bnc$2rdacarrier
=380  \\$aArtykuły
=388  1\$a2001-
=600  17$aTokarczuk, Olga$d(1962- )$2DBN
=648  \7$a2001-$2DBN
=650  \7$aLaureaci$2DBN
=650  \7$aLiteracka Nagroda Nobla$2DBN
=650  \7$aLiteratura polska$2DBN
=650  \7$aPisarstwo$2DBN
=655  \7$aArtykuł z gazety$2DBN
=658  \\$aLiteraturoznawstwo
=700  1\$aNogaś, Michał$d(1978- )$eWywiad
=773  0\$iW:$tGazeta Wyborcza (Wyd. zasadnicze).$x0860-908X$g2020, nr 238, s. 11$w(PL)b0000001301576
=915  \\$aPrasa 2020/10/12
=916  \\$aTokarczuk, Olga   (1962- )
=918  1\$aNogaś, Michał$d(1978- )
=945  2\$b2019$b2020
=946  \\$k2020
=955  \7$aArtykuł z gazety$2DBN
=958  \\$aLiteraturoznawstwo
=980  \\$aArtykuły
=999  \\$aBNzkdprasa$bjkr
  
