=LDR  02025naa a2200529 i 4500
=001  b1000000794885
=005  20211030064004.2
=008  201020s2020    pl           |000 e pol c
=009  9911710526305606
=015  \\$aBZCz 2020/74242
=035  \\$a(PL)b1000000794885
=040  \\$aWA N$cWA N$dWA N
=045  2\$bd2014$bd2017
=046  \\$k2020
=080  \\$a821.162.1(091)(045/046)
=100  1\$aSzary, Adrian$d(1983- )$eAutor
=245  10$aJak zostałam wiedźmą i... zgubiłam duszę :$bo "dorosłych autorkach" piszących dla dzieci (Dorota Masłowska i Olga Tokarczuk) /$cAdrian Szary.
=260  \\$c2020.
=336  \\$aTekst$btxt$2rdacontent
=337  \\$aBez urządzenia pośredniczącego$bn$2rdamedia
=338  \\$aWolumin$bnc$2rdacarrier
=380  \\$aArtykuły
=388  1\$a2001-
=600  17$aMasłowska, Dorota$d(1983- ).$tJak zostałam wiedźmą$2DBN
=648  \7$a2001-$2DBN
=650  \7$aLiteratura polska$2DBN
=655  \7$aArtykuł problemowy$2DBN
=655  \7$aArtykuł z czasopisma literackiego$2DBN
=658  \\$aLiteraturoznawstwo
=773  0\$iW:$tGuliwer : dwumiesięcznik o książce dla dziecka.$x0867-7115.$g2020, nr 1, s. 65-67$w(PL)b0000001297993
=915  \\$aBZCz 2020/74242
=916  \\$aSzary, Adrian   (1983- )
=931  \\$a821.162.1(091)(045/046)
=945  2\$b2014$b2017
=946  \\$k2020
=950  \\$uhttps://eu.alma.exlibrisgroup.com/view/uresolver/48OMNIS_NETWORK/openurl?u.ignore_date_coverage=true&portfolio_pid=53697413600005066&Force_direct=true$zZobacz w Polonie$853697413600005066
=955  \7$aArtykuł problemowy$2DBN
=955  \7$aArtykuł z czasopisma literackiego$2DBN
=958  \\$aLiteraturoznawstwo
=980  \\$aArtykuły
=999  \\$aBNzkdbzcz$bans$x10$y2020
  
