=LDR  02687naa a2200733 i 4500
=001  b1000000797361
=005  20221002115104.3
=008  201022s2019    pl           |000 0 pol c
=009  9911710473605606
=015  \\$aBZCz 2020/74069
=024  7\$a10.24917/20811861.17.22$2doi
=035  \\$a(OCoLC)1242181220
=040  \\$aWA N$cWA N$dWA N
=045  0\$bd2019
=046  \\$k2019
=080  \\$81.1\x$a821.162.1(091)(045/046)
=100  1\$aLuković, Dagmara$eAutor
=245  10$aNagroda Nobla dla Olgi Tokarczuk w komentarzach prasy serbskiej i chorwackiej /$cDagmara Luković.
=260  \\$c2019.
=336  \\$aTekst$btxt$2rdacontent
=337  \\$aBez urządzenia pośredniczącego$bn$2rdamedia
=338  \\$aWolumin$bnc$2rdacarrier
=380  \\$aArtykuły
=388  1\$a2001-
=504  \\$aBibliografia, netografia na stronach 332-333.
=600  17$aTokarczuk, Olga$d(1962- )$2DBN
=648  \7$a2001-$2DBN
=650  \7$aCzasopismo chorwackie$2DBN
=650  \7$aCzasopismo serbskie$2DBN
=650  \7$aLiteracka Nagroda Nobla$2DBN
=650  \7$aNagrody literackie$2DBN
=650  \7$aPisarze polscy$2DBN
=650  \7$aPrasa (wydawnictwa)$2DBN
=651  \7$aChorwacja$2DBN
=655  \7$aArtykuł problemowy$2DBN
=655  \7$aArtykuł z czasopisma bibliotekarskiego$2DBN
=658  \\$aKultura i sztuka
=710  2\$aUniwersytet Pedagogiczny im. Komisji Edukacji Narodowej (Kraków)$4oth
=773  0\$iW:$tAnnales Universitatis Paedagogicae Cracoviensis. Studia ad Bibliothecarum Scientiam Pertinentia.$x2081-1861.$g[T.] 17 (2019), s. 328-333$w(PL)b0000002461510
=915  \\$aBZCz 2020/74069
=916  \\$aLuković, Dagmara   
=921  2\$aUniwersytet Pedagogiczny im. Komisji Edukacji Narodowej (Kraków)
=931  \\$a821.162.1(091)(045/046)
=945  0\$b2019
=946  \\$k2019
=950  \\$uhttps://eu05.alma.exlibrisgroup.com/view/uresolver/48OMNIS_NETWORK/openurl?u.ignore_date_coverage=true&portfolio_pid=53697317290005066&Force_direct=true$zZobacz w Polonie$853697317290005066
=951  \7$aChorwacja$2DBN
=955  \7$aArtykuł problemowy$2DBN
=955  \7$aArtykuł z czasopisma bibliotekarskiego$2DBN
=958  \\$aKultura i sztuka
=980  \\$aArtykuły
=999  \\$aBNzzbbzcz$bbam$x10$y2020
  
