=LDR  01399naa a2200457 i 4500
=001  b1000000800289
=005  20211030064231.9
=008  201026s2020    pl           |000 0 pol c
=009  9911713484505606
=015  \\$aBZCz 2020/73907
=035  \\$a(PL)b1000000800289
=040  \\$aWA N$cWA N$dWA N
=046  \\$k2020
=080  \\$a821.162.1(091)(045/046)
=245  00$aCytaty z Olgi Tokarczuk.
=260  \\$c2020.
=336  \\$aTekst$btxt$2rdacontent
=337  \\$aBez urządzenia pośredniczącego$bn$2rdamedia
=338  \\$aWolumin$bnc$2rdacarrier
=380  \\$aArtykuły
=388  1\$a2001-
=600  17$aTokarczuk, Olga$d(1962- )$2DBN
=650  \7$aLiteratura polska$2DBN
=650  \7$aOpowiadania i nowele$2DBN
=655  \7$aArtykuł z czasopisma literackiego$2DBN
=655  \7$aArtykuł z czasopisma o sztuce$2DBN
=658  \\$aLiteraturoznawstwo
=773  0\$iW:$tNowy Napis : liryka, epika, dramat.$x2657-6791$gR. 2, nr 5 (2020), s. 20-29$w(PL)b1000000363049
=915  \\$aBZCz 2020/73907
=931  \\$a821.162.1(091)(045/046)
=946  \\$k2020
=955  \7$aArtykuł z czasopisma literackiego$2DBN
=955  \7$aArtykuł z czasopisma o sztuce$2DBN
=958  \\$aLiteraturoznawstwo
=980  \\$aArtykuły
=999  \\$aBNzdkbzcz$bjjk$x10$y2020
  
