=LDR  02321naa a2200625 i 4500
=001  b1000000804706
=005  20211030064519.4
=008  201030s2019    pl            000 0 pol c
=009  9911714912005606
=015  \\$aPrasa 2020/10/30
=035  \\$a(OCoLC)1242049173
=040  \\$aWA M$cWA M$dWA N
=045  0\$bd2019
=046  \\$k2019
=100  1\$aKowalik, Mateusz$eAutor
=245  10$a12 tysięcy książek w 10 godzin :$befekt Nobla dla Olgi Tokarczuk : czytelnicy szturmują księgarnie : w piątek rano dostępne były już tylko pojedyncze egzemplarze książek Olgi Tokarczuk : wydawca noblistki zlecił już dodruki /$cMateusz Kowalik.
=246  30$aEfekt Nobla dla Olgi Tokarczuk
=260  \\$c12-13 X 2019.
=336  \\$aTekst$btxt$2rdacontent
=337  \\$aBez urządzenia pośredniczącego$bn$2rdamedia
=338  \\$aWolumin$bnc$2rdacarrier
=380  \\$aArtykuły
=388  1\$a2001-
=600  17$aTokarczuk, Olga$d(1962- )$2DBN
=648  \7$a2001-$2DBN
=650  \7$aBestseller$2DBN
=650  \7$aKsięgarstwo$2DBN
=650  \7$aLiteracka Nagroda Nobla$2DBN
=651  \7$aWarszawa (woj. mazowieckie)$2DBN
=655  \7$aArtykuł publicystyczny$2DBN
=655  \7$aArtykuł z czasopisma regionalnego i lokalnego$2DBN
=658  \\$aBibliotekarstwo, archiwistyka, muzealnictwo
=658  \\$aGospodarka, ekonomia, finanse
=658  \\$aLiteraturoznawstwo
=773  0\$iW:$tGazeta Wyborcza (Wyd. zasadnicze).$x0860-908X$g2019, nr 239, dod. Gazeta Stołeczna, s. 2$w(PL)b0000001301576
=915  \\$aPrasa 2020/10/30
=916  \\$aKowalik, Mateusz   
=945  0\$b2019
=946  \\$k2019
=951  \7$aWarszawa (woj. mazowieckie)$2DBN
=955  \7$aArtykuł publicystyczny$2DBN
=955  \7$aArtykuł z czasopisma regionalnego i lokalnego$2DBN
=958  \\$aBibliotekarstwo, archiwistyka, muzealnictwo
=958  \\$aGospodarka, ekonomia, finanse
=958  \\$aLiteraturoznawstwo
=980  \\$aArtykuły
=999  \\$aWA M$bBD
  
