=LDR  01961naa a2200601 i 4500
=001  b1000000805552
=005  20211030063941.3
=008  201102s2019    pl           |000 0 pol c
=009  9911716960005606
=015  \\$aBZCz 2020/78433
=035  \\$a(OCoLC)1242251016
=040  \\$aWA N$cWA N$dWA N
=045  2\$bd2019
=046  \\$k2019
=080  \\$81.1\x$a821.162.1(091)(045/046)
=100  1\$aGauden, Grzegorz$d(1953- )$eAutor
=245  10$aKultura jest dobrem wspólnym :$brelacja ze Sztokholmu /$cGrzegorz Gauden.
=260  \\$c2019.
=336  \\$aTekst$btxt$2rdacontent
=337  \\$aBez urządzenia pośredniczącego$bn$2rdamedia
=338  \\$aWolumin$bnc$2rdacarrier
=380  \\$aArtykuły
=388  1\$a2001-
=600  17$aTokarczuk, Olga$d(1962- )$2DBN
=648  \7$a2001-$2DBN
=650  \7$aLiteracka Nagroda Nobla$2DBN
=650  \7$aLiteratura polska$2DBN
=650  \7$aNagrody literackie$2DBN
=650  \7$aPisarze polscy$2DBN
=651  \7$aSztokholm (Szwecja)$2DBN
=655  \7$aArtykuł z czasopisma fachowego$2DBN
=655  \7$aArtykuł z czasopisma księgarskiego$2DBN
=658  \\$aLiteraturoznawstwo
=773  0\$iW:$tBiblioteka Analiz : dwutygodnik o rynku książki.$x1509-1589.$g2019, nr 23/24, s. 3$w(PL)b0000001349746
=915  \\$aBZCz 2020/78433
=916  \\$aGauden, Grzegorz   (1953- )
=931  \\$a821.162.1(091)(045/046)
=945  2\$b2019
=946  \\$k2019
=951  \7$aSztokholm (Szwecja)$2DBN
=955  \7$aArtykuł z czasopisma fachowego$2DBN
=955  \7$aArtykuł z czasopisma księgarskiego$2DBN
=958  \\$aLiteraturoznawstwo
=980  \\$aArtykuły
=999  \\$aBNzzbbzcz$bbam$x11$y2020
  
