=LDR  01583naa a2200493 i 4500
=001  b1000000811704
=005  20211030063650.4
=008  201110s2020    pl            |0000 pol c
=009  9911719545905606
=015  \\$aPrasa 2020/11/10
=035  \\$a(OCoLC)1242167054
=040  \\$aWA N$cWA N$dWA N
=045  0\$bd2020
=046  \\$k2020
=100  1\$aSzostak, Natalia$c(dziennikarz)$eAutor
=245  10$aNoblistka czule o świecie :$bnowa książka Olgi Tokarczuk /$cNatalia Szostak.
=246  30$aNowa książka Olgi Tokarczuk
=260  \\$c10 XI 2020.
=336  \\$aTekst$btxt$2rdacontent
=337  \\$aBez urządzenia pośredniczącego$bn$2rdamedia
=338  \\$aWolumin$bnc$2rdacarrier
=380  \\$aArtykuły
=388  1\$a2001-
=600  17$aTokarczuk, Olga$d(1962- ).$tCzuły narrator$2DBN
=648  \7$a2001-$2DBN
=650  \7$aEsej$2DBN
=650  \7$aLiteratura polska $2 DBN
=655  \7$aArtykuł publicystyczny$2DBN
=658  \\$aLiteraturoznawstwo
=773  0\$iW:$tGazeta Wyborcza (Wyd. zasadnicze).$x0860-908X$g2020, nr 264, s. 16-17$w(PL)b0000001301576
=915  \\$aPrasa 2020/11/10
=916  \\$aSzostak, Natalia  (dziennikarz) 
=945  0\$b2020
=946  \\$k2020
=955  \7$aArtykuł publicystyczny$2DBN
=958  \\$aLiteraturoznawstwo
=980  \\$aArtykuły
=999  \\$aBNzkdprasa$bjkr
  
