=LDR  01471naa a2200481 i 4500
=001  b1000000811917
=005  20211030064716.8
=008  201110s2020    pl       o    |0000 pol c 
=009  9911720043805606
=015  \\$aPrasa 2020/11/10
=035  \\$a(OCoLC)1242046858
=040  \\$aGD W$cGD W$dWA N
=045  0\$bd2020
=046  \\$k2020
=100  1\$aCieślak, Jacek$eRecenzja
=245  10$aCzytajmy świat ze zrozumieniem /$cJacek Cieślak.
=260  \\$c10-11 XI 2020.
=336  \\$aTekst$btxt$2rdacontent
=337  \\$aBez urządzenia pośredniczącego$bn$2rdamedia
=338  \\$aWolumin$bnc$2rdacarrier
=380  \\$aArtykuły
=388  1\$a2001-
=520  8\$aZawiera recenzję książki: Czuły narrator / Olga Tokarczuk. - Kraków, 2020.
=600  17$aTokarczuk, Olga$d(1962- ).$tCzuły narrator$2DBN
=648  \7$a2001-$2DBN
=650  \7$aEsej$2DBN
=655  \7$aArtykuł z gazety$2DBN
=658  \\$aHistoria
=773  0\$iW:$tRzeczpospolita (Wyd. zasadnicze).$x0208-9130$g2020, nr 264, s. A7$w(PL)b0000001472831
=915  \\$aPrasa 2020/11/10
=916  \\$aCieślak, Jacek   
=945  0\$b2020
=946  \\$k2020
=955  \7$aArtykuł z gazety$2DBN
=958  \\$aHistoria
=980  \\$aArtykuły
=999  \\$aGD W$bij
  
