=LDR  01590naa a2200493 i 4500
=001  b1000000812087
=005  20211030064500.8
=008  201110s2020    pl           |000 0 pol  
=009  9911719732705606
=035  \\$a(OCoLC)1242220173
=040  \\$aWA N$cWA N$dWA N
=045  0\$bd2019
=046  \\$k2020
=080  \\$a07(045/046)
=100  1\$aKajtoch, Wojciech$d(1957- )$eAutor
=245  10$aO mowie noblowskiej Olgi Tokarczuk /$cWojciech Kajtoch.
=260  \\$c2020.
=336  \\$aTekst$btxt$2rdacontent
=337  \\$aBez urządzenia pośredniczącego$bn$2rdamedia
=338  \\$aWolumin$bnc$2rdacarrier
=380  \\$aArtykuły
=388  1\$a2001-
=504  \\$aBibliografia na stronach 299-300.
=600  17$aTokarczuk, Olga$d(1962- )$2DBN
=648  \7$a2001-$2DBN
=650  \7$aLiteracka Nagroda Nobla$2DBN
=650  \7$aLiteratura polska$2DBN
=655  \7$aArtykuł problemowy$2DBN
=658  \\$aMedia i komunikacja społeczna
=773  0\$iW:$tOd modernizacji do mediosfery : meandry transformacji w komunikowaniu : prace ofiarowane dr. hab. Ryszardowi Filasowi,$gs. 275-300$w(PL)b1000000808906
=916  \\$aKajtoch, Wojciech   (1957- )
=931  \\$a07(045/046)
=945  0\$b2019
=946  \\$k2020
=955  \7$aArtykuł problemowy$2DBN
=958  \\$aMedia i komunikacja społeczna
=980  \\$aArtykuły
=999  \\$aBNzkdroz$bkcm
  
