=LDR  02398naa a2200541 i 4500
=001  b1000000819978
=005  20221126145314.5
=008  201120s2019    pl           |000 0 pol c
=009  9911720976005606
=015  \\$aBZCz 2020/78463
=024  7\$a10.12775/Tek.2019.006$2doi
=035  \\$a(PL)b1000000819978
=040  \\$aWA N$cWA N$dWA N
=045  0\$bd2014
=046  \\$k2019
=080  \\$a821.162.1(091)(045/046)
=100  1\$aLamparska, Maria$eAutor
=245  10$aO "Księgach Jakubowych" Olgi Tokarczuk słów kilka /$cMaria Lamparska.
=260  \\$c2019.
=336  \\$aTekst$btxt$2rdacontent
=337  \\$aBez urządzenia pośredniczącego$bn$2rdamedia
=338  \\$aWolumin$bnc$2rdacarrier
=380  \\$aArtykuły
=388  1\$a2001-
=520  8\$aZawiera recenzję książki: Księgi Jakubowe albo Wielka podróż przez siedem granic, pięć języków i trzy duże religie, nie licząc tych małych : opowiadana przez zmarłych, a przez autorkę dopełniona metodą koniektury, z wielu rozmaitych ksiąg zaczerpnięta, a także wspomożona imaginacją, która to jest największym naturalnym darem człowieka / Olga Tokarczuk. - Kraków, 2014.
=600  17$aTokarczuk, Olga$d(1962- ).$tKsięgi Jakubowe albo Wielka podróż przez siedem granic, pięć języków i trzy duże religie, nie licząc tych małych$2DBN
=648  \7$a2001-$2DBN
=650  \7$aLiteratura polska$2DBN
=655  \7$aArtykuł z czasopisma filologicznego$2DBN
=655  \7$aArtykuł z czasopisma naukowego$2DBN
=658  \\$aLiteraturoznawstwo
=773  0\$iW:$tTekstura : rocznik filologiczno-kulturoznawczy.$x2082-7008.$g[T.] 9 (2019), s. 79-86$w(PL)b0000002612045
=915  \\$aBZCz 2020/78463
=916  \\$aLamparska, Maria   
=931  \\$a821.162.1(091)(045/046)
=945  0\$b2014
=946  \\$k2019
=950  \\$uhttps://eu05.alma.exlibrisgroup.com/view/uresolver/48OMNIS_NETWORK/openurl?u.ignore_date_coverage=true&portfolio_pid=53697681120005066&Force_direct=true$zZobacz w Polonie$853697681120005066
=955  \7$aArtykuł z czasopisma filologicznego$2DBN
=955  \7$aArtykuł z czasopisma naukowego$2DBN
=958  \\$aLiteraturoznawstwo
=980  \\$aArtykuły
=999  \\$aBNzkdbzcz$brs$x11$y2020
  
