=LDR  02284naa a2200613 i 4500
=001  b1000000820092
=005  20221020135101.8
=008  201120s2019    pl           |000 0 pol c
=009  9911720975205606
=015  \\$aBZCz 2020/78541
=024  7\$a10.12775/Tek.2019.007$2doi
=035  \\$a(PL)b1000000820092
=040  \\$aWA N$cWA N$dWA N
=045  0\$bd2017
=046  \\$k2019
=080  \\$a821.162.1(091)(045/046)
=100  1\$aWoźniak, Maria$c(edytorstwo)$eAutor
=245  10$aO ciele "Zgubionej duszy" :$brecenzja projektu książki Olgi Tokarczuk i Joanny Concejo /$cMaria Woźniak.
=260  \\$c2019.
=336  \\$aTekst$btxt$2rdacontent
=337  \\$aBez urządzenia pośredniczącego$bn$2rdamedia
=338  \\$aWolumin$bnc$2rdacarrier
=380  \\$aArtykuły
=388  1\$a2001-
=520  8\$aZawiera recenzję książki: Zgubiona dusza / Olga Tokarczuk. - Wrocław, 2014.
=600  17$aConcejo, Joanna$d(1971- )$2DBN
=648  \7$a2001-$2DBN
=650  \7$aEstetyka$2DBN
=650  \7$aIlustracje$2DBN
=650  \7$aKsiążka artystyczna$2DBN
=650  \7$aLiteratura dla dzieci$2DBN
=655  \7$aArtykuł z czasopisma filologicznego$2DBN
=655  \7$aArtykuł z czasopisma naukowego$2DBN
=658  \\$aKultura i sztuka
=773  0\$iW:$tTekstura : rocznik filologiczno-kulturoznawczy.$x2082-7008.$g[T.] 9 (2019), s. 87-89$w(PL)b0000002612045
=915  \\$aBZCz 2020/78541
=916  \\$aWoźniak, Maria  (edytorstwo) 
=931  \\$a821.162.1(091)(045/046)
=945  0\$b2017
=946  \\$k2019
=950  \\$uhttps://eu05.alma.exlibrisgroup.com/view/uresolver/48OMNIS_NETWORK/openurl?u.ignore_date_coverage=true&portfolio_pid=53697682050005066&Force_direct=true$zZobacz w Polonie$853697682050005066
=955  \7$aArtykuł z czasopisma filologicznego$2DBN
=955  \7$aArtykuł z czasopisma naukowego$2DBN
=958  \\$aKultura i sztuka
=980  \\$aArtykuły
=999  \\$aBNzkdbzcz$brs$x11$y2020
  
