=LDR  02744nam a2200745 i 4500
=001  b1000000821476
=005  20230118132005.2
=008  201123s2020    pl           |000 p pol c
=009  9911722455905606
=015  \\$aUWD 2020/42286
=020  \\$a9788363194154$q(oprawa miękka)
=035  \\$a(OCoLC)1225235711
=040  \\$aKR U$cKR U$dKR U$dWA N
=045  2\$bd1641$bd2020
=046  \\$k2020
=080  \\$a821.162.1-1
=084  \\$a04
=100  1\$aKłosiński, Kazimierz Albin$d(1940- )$eAutor
=245  10$aQuoquo (dokądkolwiek) /$cKazimierz Albin Kłosiński.
=260  \\$aLublin :$bMarginalia Pracownia Edytorska,$c2020.
=300  \\$a75 stron ;$c17 cm.
=336  \\$aTekst$btxt$2rdacontent
=337  \\$aBez urządzenia pośredniczącego$bn$2rdamedia
=338  \\$aWolumin$bnc$2rdacarrier
=380  \\$aKsiążki
=386  \\$mPrzynależność kulturowa$aLiteratura polska
=388  1\$a2001-
=600  17$aTokarczuk, Olga$d(1962- )$2DBN
=648  \7$a1601-1700$2DBN
=648  \7$a1701-1800$2DBN
=648  \7$a1801-1900$2DBN
=648  \7$a1901-2000$2DBN
=650  \7$aKonfucjanizm$2DBN
=650  \7$aSystem wartości$2DBN
=650  \7$aWolność$2DBN
=651  \7$aNieborów (woj. łódzkie, pow. łowicki, gm. Nieborów)$2DBN
=655  \7$aWiersze$2DBN
=710  2\$aMarginalia, Pracownia Edytorska, Małgorzata Baranowska,$eWydawca$4pbl
=852  \\$822684223680005066$j1$h3.139.920 A$bBN_PL$p30001029997679$cbk1
=852  \\$822673458810005066$j1$h3.562.686$bBN_PL$p30001024870335$cbk8
=852  \\$822568883950005067$j1$hB 824512 I$bBJ$p1002863438$cBJ_MAG
=852  \\$822568883980005067$j1$hA 978542 I$bBJ$p1002863439$cBJ_EGZ_A
=852  \\$822306916280006926$j1$h1420275$bTORU$p300051749784$cMG_bg
=915  \\$aUWD 2020/42286
=916  \\$aKłosiński, Kazimierz Albin   (1940- )
=920  \\$a978-83-63194-15-4 (oprawa miękka)
=921  2\$aMarginalia, Pracownia Edytorska, Małgorzata Baranowska,
=923  \\$aMarginalia, Pracownia Edytorska, Małgorzata Baranowska,
=931  \\$a821.162.1-1
=935  \\$aUM2940930$9LOCAL$z48OMNIS_UMKWT
=945  2\$b1641$b2020
=946  \\$k2020
=951  \7$aNieborów (woj. łódzkie, pow. łowicki, gm. Nieborów)$2DBN
=955  \7$aWiersze$2DBN
=980  \\$aKsiążki
=986  \\$aLiteratura polska
=999  \\$aBJ$bMPa BNzkdeo$brs$xuwd52$y20
  
