=LDR  01870naa a2200541 i 4500
=001  b1000000822025
=005  20211030064327.1
=008  201124s2020    pl           |000 0 pol c
=009  9911722245005606
=015  \\$aBZCz 2020/78434
=035  \\$a(PL)b1000000822025
=040  \\$aWA N$cWA N$dWA N
=045  0\$bd2019
=046  \\$k2020
=080  \\$a821.162.1(091)(045/046)
=100  1\$aGawin, Rafał$d(1984- )$eAutor
=245  10$aAnarchistyczno-ekologicznie-feministyczny thriller bez elementów czarnej komedii czyli Olgi Tokarczuk mowa noblowska typowo polska :$b(analiza bez syntezy) /$cRafał Gawin.
=246  30$aOlgi Tokarczuk mowa noblowska typowo polska
=260  \\$c2020.
=336  \\$aTekst$btxt$2rdacontent
=337  \\$aBez urządzenia pośredniczącego$bn$2rdamedia
=338  \\$aWolumin$bnc$2rdacarrier
=380  \\$aArtykuły
=388  1\$a2001-
=600  17$aTokarczuk, Olga$d(1962- )$2DBN
=648  \7$a2001-$2DBN
=650  \7$aLiteracka Nagroda Nobla$2DBN
=650  \7$aLiteratura polska$2DBN
=650  \7$aMowy$2DBN
=655  \7$aAnaliza i interpretacja$2DBN
=655  \7$aArtykuł z czasopisma kulturalnego$2DBN
=658  \\$aLiteraturoznawstwo
=773  0\$iW:$tElewator : kwartalnik literacko-kulturalny.$x2299-5692$g2020, nr 1, s. 172-185$w(PL)b0000002803510
=915  \\$aBZCz 2020/78434
=916  \\$aGawin, Rafał   (1984- )
=931  \\$a821.162.1(091)(045/046)
=945  0\$b2019
=946  \\$k2020
=955  \7$aAnaliza i interpretacja$2DBN
=955  \7$aArtykuł z czasopisma kulturalnego$2DBN
=958  \\$aLiteraturoznawstwo
=980  \\$aArtykuły
=999  \\$aBNzkdbzcz$bans$x11$y2020
  
