=LDR  02050naa a2200601 i 4500
=001  b1000000831297
=005  20211030063903.9
=008  201204s2020    pl            |0000 pol c
=009  9911726361405606
=015  \\$aPrasa 2020/12/04
=035  \\$a(PL)b1000000831297
=040  \\$aWA N$cWA N$dWA N
=045  2\$bd2019$bd2020
=046  \\$k2020
=100  1\$aZadara, Michał$d(1976- )$eWywiad
=245  10$aBohaterowie "Biegunów" w kosmosie :$bMichał Zadara przenosi do teatru powieść Olgi Tokarczuk /$c[rozmawiał] Michał Nogaś.
=246  30$aMichał Zadara przenosi do teatru powieść Olgi Tokarczuk
=260  \\$c4 XII 2020.
=336  \\$aTekst$btxt$2rdacontent
=337  \\$aBez urządzenia pośredniczącego$bn$2rdamedia
=338  \\$aWolumin$bnc$2rdacarrier
=380  \\$aArtykuły
=388  1\$a2001-
=600  17$aTokarczuk, Olga$d(1962- ).$tBieguni$2DBN
=610  27$aTeatr Powszechny im. Zygmunta Hübnera (Warszawa)$2DBN
=648  \7$a2001-$2DBN
=650  \7$aInscenizacja$2DBN
=650  \7$aLiteratura polska$2DBN
=650  \7$aPowieść$2DBN
=650  \7$aReżyserzy polscy$2DBN
=651  \7$aWarszawa (woj. mazowieckie)$2DBN
=655  \7$aArtykuł z gazety$2DBN
=658  \\$aHistoria
=700  1\$aNogaś, Michał$d(1978- )$eWywiad
=773  0\$iW:$tGazeta Wyborcza (Wyd. zasadnicze).$x0860-908X$g2020, nr 284, s. 22-23$w(PL)b0000001301576
=915  \\$aPrasa 2020/12/04
=916  \\$aZadara, Michał   (1976- )
=918  1\$aNogaś, Michał$d(1978- )
=945  2\$b2019$b2020
=946  \\$k2020
=951  \7$aWarszawa (woj. mazowieckie)$2DBN
=955  \7$aArtykuł z gazety$2DBN
=958  \\$aHistoria
=980  \\$aArtykuły
=999  \\$aBNzkdprasa$bjkr
  
