=LDR  02357naa a2200649 i 4500
=001  b1000000832172
=005  20211030064519.4
=008  201206s2020    pl            |0000 pol c
=009  9911724318005606
=015  \\$aBL 2020/12/02
=035  \\$aPrasa 2020/12/02
=040  \\$aLUBL M$cLUBLM$dLUBL M
=045  2\$bd2019$bd2020
=046  \\$k2020
=100  1\$aKowalczyk, Aneta$c(dziennikarka).$eAutor
=245  10$aWoda z oczyszczalni do mycia auta /$cAneta Kowalczyk.
=260  \\$c27 XI 2020.
=336  \\$aTekst$btxt$2rdacontent
=337  \\$aBez urządzenia pośredniczącego$bn$2rdamedia
=338  \\$aWolumin$bnc$2rdacarrier
=380  \\$aArtykuły
=388  1\$a2001-
=600  17$aJóźwiakowski, Krzysztof$2DBN
=610  27$aKatedra Inżynierii Kształtowania Środowiska i Geodezji (Uniwersytet Przyrodniczy ; Lublin)$2DBN
=648  \7$a2001-$2DBN
=650  \7$aBadania naukowe$2DBN
=650  \7$aBiologiczna oczyszczalnia ścieków$2DBN
=650  \7$aGospodarka odpadami$2DBN
=650  \7$aGospodarstwo domowe$2DBN
=651  \7$aKrajanów (woj. dolnośląskie, pow. kłodzki, gm. Nowa Ruda)$2DBN
=655  \7$aArtykuł publicystyczny$2DBN
=655  \7$aArtykuł z czasopisma regionalnego i lokalnego.$2DBN
=658  \\$aGospodarka, ekonomia, finanse
=658  \\$aNauka i badania
=773  0\$iW:$tGazeta Wyborcza (Wyd. zasadnicze).$x0860-908X$g2020, nr 278, dod. Biznes Lubelski, s. 14$w(PL)b00000200872831
=915  \\$aBL 2020/12/02
=916  \\$aKowalczyk, Aneta  (dziennikarka). 
=945  2\$b2019$b2020
=946  \\$k2020
=951  \7$aKrajanów (woj. dolnośląskie, pow. kłodzki, gm. Nowa Ruda)$2DBN
=955  \7$aArtykuł publicystyczny$2DBN
=955  \7$aArtykuł z czasopisma regionalnego i lokalnego.$2DBN
=958  \\$aGospodarka, ekonomia, finanse
=958  \\$aNauka i badania
=980  \\$aArtykuły
=999  \\$aWBPLdbl$bprasa wk$cnd
  
