=LDR  02265naa a2200649 i 4500
=001  b1000000832372
=005  20211030064250.1
=008  201207s2020    pl            000 0 pol c
=009  9911728065205606
=015  \\$aPrasa 2020/12/07
=035  \\$a(OCoLC)1242153875
=040  \\$aWA M$cWA M$dWA N
=045  2\$bd2015$bd2020
=046  \\$k2020
=100  1\$aMasłoń, Krzysztof$d(1953- )$eAutor
=245  10$aTrzy gracje :$bartystki kontra rzeczywistość : Krystyna Janda przyzwyczaiła nas do histerycznych diagnoz rzeczywistości : Agnieszce Holland śmierdzi tu bąkami : a Olga Tokarczuk zajęta jest remontem /$cKrzysztof Masłoń.
=260  \\$c30 XI - 6 XII 2020.
=336  \\$aTekst$btxt$2rdacontent
=337  \\$aBez urządzenia pośredniczącego$bn$2rdamedia
=338  \\$aWolumin$bnc$2rdacarrier
=380  \\$aArtykuły
=388  1\$a2001-
=600  17$aHolland, Agnieszka$d(1948- )$2DBN
=600  17$aJanda, Krystyna$d(1952- )$2DBN
=610  27$aPrawo i Sprawiedliwość (PiS)$2DBN
=648  \7$a2001-$2DBN
=650  \7$aAktorzy polscy$2DBN
=650  \7$aOpozycja polityczna legalna$2DBN
=650  \7$aPisarze polscy$2DBN
=650  \7$aPolityka$2DBN
=650  \7$aPostawy$2DBN
=651  \7$aPolska$2DBN
=655  \7$aArtykuł publicystyczny$2DBN
=658  \\$aHistoria
=658  \\$aKultura i sztuka
=658  \\$aLiteraturoznawstwo
=773  0\$iW:$tDo Rzeczy : tygodnik Lisickiego.$x2299-8500$g2020, nr 49, s. 24-27$w(PL)b0000002853238
=915  \\$aPrasa 2020/12/07
=916  \\$aMasłoń, Krzysztof   (1953- )
=945  2\$b2015$b2020
=946  \\$k2020
=951  \7$aPolska$2DBN
=955  \7$aArtykuł publicystyczny$2DBN
=958  \\$aHistoria
=958  \\$aKultura i sztuka
=958  \\$aLiteraturoznawstwo
=980  \\$aArtykuły
=999  \\$aWA M$bBD
  
