=LDR  01749naa a2200517 i 4500
=001  b1000000834950
=005  20220825131448.8
=008  201209s2018    pl            000 0 pol c
=009  9911729043905606
=015  \\$aBRWŚ 2018
=035  \\$a(PL)b1000000834950
=040  \\$aKIEL W$cKIEL W$dKIEL W
=045  0\$bd2018
=046  \\$k2018
=100  1\$aGersz, Aleksandra,$eAutor
=245  10$aOlga Tokarczuk z Nagrodą Booker. Wkrótce Nobel? /$cAleksandra Gersz.
=260  \\$c24 V 2018.
=336  \\$aTekst$btxt$2rdacontent
=337  \\$aBez urządzenia pośredniczącego$bn$2rdamedia
=338  \\$aWolumin$bnc$2rdacarrier
=380  \\$aArtykuły
=388  1\$a2001-
=600  17$aTokarczuk, Olga$d(1962- )$2DBN
=648  \7$a2001-$2DBN
=650  \7$aNagroda Bookera.$2DBN
=651  \7$aZagrody (woj. świętokrzyskie, pow. staszowski, gm. Staszów)$2DBN
=655  \7$aArtykuł publicystyczny$2DBN
=655  \7$aArtykuł z czasopisma regionalnego i lokalnego$2DBN
=658  \\$aKultura i sztuka
=693  \\$a13.01.03$eTokarczuk, Olga (1962- )$9local$z48OMNIS_RPL
=773  0\$iW:$tEch Dnia (Kiel).$x0137-902X.$g2018,  nr 118, s. 14
=915  \\$aBRWŚ 2018
=916  \\$aGersz, Aleksandra,   
=945  0\$b2018
=946  \\$k2018
=951  \7$aZagrody (woj. świętokrzyskie, pow. staszowski, gm. Staszów)$2DBN
=955  \7$aArtykuł publicystyczny$2DBN
=955  \7$aArtykuł z czasopisma regionalnego i lokalnego$2DBN
=958  \\$aKultura i sztuka
=980  \\$aArtykuły
=999  \\$aWBPK$bkc
  
