=LDR  03398naa a2200961 a 4500
=001  b1000000835833
=005  20211030064004.2
=008  201210s2020    pl            |0000 pol c
=009  9911729858005606
=015  \\$aPrasa 2020/12/09
=035  \\$a(OCoLC)1242055426
=040  \\$aPOZN W$cPOZN W$dWA N
=045  \\$bd2020
=046  \\$k2020
=100  1\$aKrawiec, Szymon$eAutor
=245  10$aNajbardziej wpływowi Polacy 2020 : ranking /$cSzymon Krawiec, Paweł Bednarz, Leszek Bugajski, Marcin Dobski, Dariusz Grzędziński, Joanna Miziołek, Agnieszka Niesłuchowska-Szymańska, Katarzyna Pinkosz, Paulina Socha-Jakubowska.
=260  \\$c23 - 29 X 2020.
=336  \\$aTekst$btxt$2rdacontent
=337  \\$aBez urządzenia pośredniczącego$bn$2rdamedia
=338  \\$aWolumin$bnc$2rdacarrier
=380  \\$aArtykuły
=388  1\$a2001-
=600  17$aGiertych, Roman$d(1971- )$2DBN
=600  17$aKaczyński, Jarosław$d(1949- )$2DBN
=600  17$aLewandowski, Robert$d(1988- )$2DBN
=600  17$aMorawiecki, Mateusz$d(1968- )$2DBN
=600  17$aObajtek, Daniel$d(1976- )$2DBN
=600  17$aSimon, Krzysztof$d(1952- )$2DBN
=600  17$aTokarczuk, Olga$d(1962- )$2DBN
=610  27$aPrawo i Sprawiedliwość (PiS)$2DBN
=648  \7$a2001-$2DBN
=650  \7$aLekarze$2DBN
=650  \7$aPiłkarze nożni$2DBN
=650  \7$aPisarze$2DBN
=650  \7$aPolitycy$2DBN
=650  \7$aPrawnicy$2DBN
=650  \7$aPrzedsiębiorcy$2DBN
=651  \7$aPolska$2DBN
=655  \7$aArtykuł publicystyczny$2DBN
=658  \\$aKultura fizyczna i sport
=658  \\$aKultura i sztuka
=658  \\$aGospodarka, ekonomia, finanse
=658  \\$aPolityka, politologia, administracja publiczna
=658  \\$aPraca, kariera, pieniądze
=700  1\$aBednarz, Paweł$c(dziennikarz).$eAutor
=700  1\$aBugajski, Leszek$d(1949- )$eAutor
=700  1\$aDobski, Marcin$eAutor
=700  1\$aGrzędziński, Dariusz$eAutor
=700  1\$aMiziołek, Joanna$eAutor
=700  1\$aNiesłuchowska, Agnieszka$eAutor
=700  1\$aPinkosz, Katarzyna$eAutor
=773  0\$iW:$tWprost (Poznań).$x0209-1747.$g2020, nr 24, s. 3-8, 33-134$w(PL)b0000001538668
=915  \\$aPrasa 2020/12/09
=916  \\$aKrawiec, Szymon   
=918  1\$aBednarz, Paweł$c(dziennikarz).
=918  1\$aBugajski, Leszek$d(1949- )
=918  1\$aDobski, Marcin
=918  1\$aGrzędziński, Dariusz
=918  1\$aMiziołek, Joanna
=918  1\$aNiesłuchowska, Agnieszka
=918  1\$aPinkosz, Katarzyna
=945  \\$b2020
=946  \\$k2020
=951  \7$aPolska$2DBN
=955  \7$aArtykuł publicystyczny$2DBN
=958  \\$aKultura fizyczna i sport
=958  \\$aKultura i sztuka
=958  \\$aGospodarka, ekonomia, finanse
=958  \\$aPolityka, politologia, administracja publiczna
=958  \\$aPraca, kariera, pieniądze
=980  \\$aArtykuły
=999  \\$aPOZN W$bmd
  
