=LDR  01921naa a2200565 i 4500
=001  b1000000836122
=005  20220326163028.0
=008  201210s2020    pl            000 0 pol c 
=009  9911729846305606
=015  \\$aBZCz 2020/82545
=035  \\$a(OCoLC)1242161644
=040  \\$aWA N$cWA N$dWA N
=045  0\$bd2019
=046  \\$k2020
=080  \\$81.1\x$a82(091)+82.01/.09(045/046)
=100  1\$aGoban-Klas, Tomasz$d(1942- )$eAutor
=245  10$aOlgi Tokarczuk wprowadzenie do świata mediów /$cTomasz Goban-Klas.
=260  \\$c2020.
=336  \\$aTekst$btxt$2rdacontent
=337  \\$aBez urządzenia pośredniczącego$bn$2rdamedia
=338  \\$aWolumin$bnc$2rdacarrier
=380  \\$aArtykuły
=388  1\$a2001-
=600  17$aTokarczuk, Olga$d(1962- ).$tCzuły narrator$2DBN
=648  \7$a2001-$2DBN
=650  \7$aEsej$2DBN
=650  \7$aLiteratura$2DBN
=650  \7$aLiteratura polska$2DBN
=650  \7$aNagroda Nobla$2DBN
=650  \7$aNowe media (komunikacja)$2DBN
=655  \7$aArtykuł publicystyczny$2DBN
=658  \\$aLiteraturoznawstwo
=773  0\$iW:$tZdanie : publikacja Klubu Twórców i Działaczy Kultury "Kuźnica".$x0137-3242$g2020, nr 1/2, s. 70-75$w(PL)b0000002452661
=915  \\$aBZCz 2020/82545
=916  \\$aGoban-Klas, Tomasz   (1942- )
=931  \\$a82(091)+82.01/.09(045/046)
=945  0\$b2019
=946  \\$k2020
=955  \7$aArtykuł publicystyczny$2DBN
=958  \\$aLiteraturoznawstwo
=980  \\$aArtykuły
=999  \\$aBNzkdbzcz$babr$x12$y2020
  
