=LDR  01763naa a2200577 i 4500
=001  b1000000837976
=005  20211030063747.1
=008  201214s2020    pl            |0000 pol c 
=009  9911731763405606
=015  \\$aPrasa 2020/12/14
=035  \\$a(OCoLC)1242051953
=040  \\$aGD W$cGD W$dWA N
=045  0\$bd2020
=046  \\$k2020
=100  1\$aSeweryniak, Henryk$d(1951- )$eAutor
=245  10$aA gdzie prawda /$cks. Henryk Seweryniak.
=260  \\$c12-13 XII 2020.
=336  \\$aTekst$btxt$2rdacontent
=337  \\$aBez urządzenia pośredniczącego$bn$2rdamedia
=338  \\$aWolumin$bnc$2rdacarrier
=380  \\$aArtykuły
=388  1\$a2001-
=600  17$aTokarczuk, Olga$d(1962- ).$tCzuły narrator$2DBN
=648  \7$a2001-$2DBN
=650  \7$aChrześcijaństwo$2DBN
=650  \7$aFilozofia$2DBN
=650  \7$aLiteratura polska$2DBN
=650  \7$aŚwiatopogląd$2DBN
=655  \7$aEsej$2DBN
=655  \7$aArtykuł publicystyczny$2DBN
=658  \\$aFilozofia i etyka
=658  \\$aLiteraturoznawstwo
=773  0\$iW:$tRzeczpospolita (Wyd. zasadnicze).$x0208-9130$g2020, nr 291, s. 28-29$w(PL)b0000001472831
=915  \\$aPrasa 2020/12/14
=916  \\$aSeweryniak, Henryk   (1951- )
=945  0\$b2020
=946  \\$k2020
=955  \7$aEsej$2DBN
=955  \7$aArtykuł publicystyczny$2DBN
=958  \\$aFilozofia i etyka
=958  \\$aLiteraturoznawstwo
=980  \\$aArtykuły
=999  \\$aGD W$bij
  
