=LDR  02126nam a2200589 i 4500
=001  b1000000839166
=005  20220911133740.1
=008  201215s2020    pl oabo      |001 0cpol c
=009  9911739361705606
=020  \\$a9788328601147
=035  \\$a(PL)b1000000839166
=040  \\$aKR U$cKR U$dKR U
=041  0\$apol$beng$bpol
=046  \\$k2020
=245  00$aRetoryka i manipulacja.$nTom 1 =$bRhetoric and manipulation. Volume 1 /$credaktor Jakub Z. Lichański.
=246  31$aRhetoric and manipulation
=260  \\$aWarszawa :$bWydawnictwo DiG,$c2020.
=300  \\$a95, [1] strona :$bilustracje ;$c24 cm.
=336  \\$aTekst$btxt$2rdacontent
=337  \\$aBez urządzenia pośredniczącego$bn$2rdamedia
=338  \\$aWolumin$bnc$2rdacarrier
=380  \\$aKsiążki
=388  1\$a2001-
=490  1\$aForum Artis Rhetoricae,$x1733-1986 ;$vNr 1 (60) 2020, (styczeń/marzec)
=504  \\$aBibliografia pod pracami.
=536  \\$aPozycja dofinansowana przez Ministerstwo Kultury i Dziedzictwa Narodowego ; afiliowana przy Uniwersytecie Warszawskim.
=546  \\$aTeksty w języku polskim, streszczenia w językach: angielskim i polskim.
=600  17$aTokarczuk, Olga$d(1962- )$2DBN
=650  \7$aRetoryka$2DBN
=651  \7$aPolska$2DBN
=655  \7$aPraca zbiorowa.$2DBN
=658  \\$aKultura i sztuka
=700  1\$aLichański, Jakub Zdzisław$d(1946- )$eRedakcja
=710  2\$aWydawnictwo DiG$eWydawca$4pbl
=830  \0$aForum Artis Rhetoricae$x1733-1986$vNr 1 (60) 2020
=852  \\$822569768050005067$j1$hA 416310 II$bBJ$p1002867963$cBJ_EGZ_A
=918  1\$aLichański, Jakub Zdzisław$d(1946- )
=920  \\$a978-83-286-0114-7
=921  2\$aWydawnictwo DiG
=923  \\$aWydawnictwo DiG
=946  \\$k2020
=951  \7$aPolska$2DBN
=955  \7$aPraca zbiorowa.$2DBN
=958  \\$aKultura i sztuka
=980  \\$aKsiążki
=999  \\$aBJ$bDC
  
