=LDR  03037naa a2200709 i 4500
=001  b1000000847905
=005  20220922135502.6
=008  201230s2020    pl           |000 0 pol c
=009  9911766793405606
=015  \\$aBZCz 2020/82735
=024  7\$a10.36770/bp.436$2doi
=035  \\$a(OCoLC)1242155118
=040  \\$aWA N$cWA N$dWA N
=041  0\$apol$beng
=045  2\$bd1752$bd1791
=046  \\$k2020
=080  \\$a821.162.1(091)(045/046)
=100  1\$aPiechota, Dariusz$d(1981- )$eAutor
=245  11$a"Księgi Jakubowe" Olgi Tokarczuk :$b(re)konstrukcje przeszłości z Sienkiewiczem i Prusem w tle = "Księgi Jakubowe" ("The Books of Jacob") of Olga Tokarczuk : (re)constructions of the past with Sienkiewicz and Prus in the background /$cDariusz Piechota (Uniwersytet w Białymstoku).
=246  30$a(Re)konstrukcje przeszłości z Sienkiewiczem i Prusem w tle
=260  \\$c2020.
=336  \\$aTekst$btxt$2rdacontent
=337  \\$aBez urządzenia pośredniczącego$bn$2rdamedia
=338  \\$aWolumin$bnc$2rdacarrier
=380  \\$aArtykuły
=388  1\$a2001-
=504  \\$aBibliografia, netografia na stronach 400-402.
=546  \\$aStreszczenie w języku angielskim, polskim.
=600  17$aPrus, Bolesław$d(1847-1912)$2DBN
=600  17$aSienkiewicz, Henryk$d(1846-1916)$2DBN
=648  \7$a1701-1800$2DBN
=650  \7$aHerstory$2DBN
=650  \7$aLiteratura polska$2DBN
=650  \7$aPowieść historyczna$2DBN
=650  \7$aTematy i motywy$2DBN
=651  \7$aPolska$2DBN
=655  \7$aArtykuł problemowy$2DBN
=655  \7$aArtykuł z czasopisma bibliotekarskiego$2DBN
=658  \\$aLiteraturoznawstwo
=710  2\$aUniwersytet w Białymstoku$4oth
=773  0\$iW:$tBibliotekarz Podlaski : Białystok, Łomża, Suwałki.$x1640-7806.$gR. 21, nr 1 (2020), s. 385-402$w(PL)b0000001423602
=915  \\$aBZCz 2020/82735
=916  \\$aPiechota, Dariusz   (1981- )
=921  2\$aUniwersytet w Białymstoku
=931  \\$a821.162.1(091)(045/046)
=945  2\$b1752$b1791
=946  \\$k2020
=950  \\$uhttps://eu05.alma.exlibrisgroup.com/view/uresolver/48OMNIS_NETWORK/openurl?u.ignore_date_coverage=true&portfolio_pid=53697179650005066&Force_direct=true$zZobacz w Polonie$853697179650005066
=951  \7$aPolska$2DBN
=955  \7$aArtykuł problemowy$2DBN
=955  \7$aArtykuł z czasopisma bibliotekarskiego$2DBN
=958  \\$aLiteraturoznawstwo
=980  \\$aArtykuły
=999  \\$aBNzzbbzcz$bbam$x12$y2020
  
