=LDR  01885naa a2200517 i 4500
=001  b1000000849805
=005  20221224142253.9
=008  210104s2020    pl           |000 e pol c
=009  9911767650305606
=015  \\$aBZCz 2021/4429
=035  \\$a(PL)b1000000849805
=040  \\$aWA N$cWA N$dWA N
=045  0\$bd2019
=046  \\$k2020
=080  \\$a821.162.1(091)(045/046)
=100  1\$aSamsel, Karol$d(1986- )$eAutor
=245  10$aDziecko nad brzegami dudniącej rzeki :$bwciąż wokół mowy noblowskiej Olgi Tokarczuk /$cKarol Samsel.
=260  \\$c2020.
=336  \\$aTekst$btxt$2rdacontent
=337  \\$aBez urządzenia pośredniczącego$bn$2rdamedia
=338  \\$aWolumin$bnc$2rdacarrier
=380  \\$aArtykuły
=388  1\$a2001-
=600  17$aTokarczuk, Olga$d(1962- )$2DBN
=648  \7$a2001-$2DBN
=650  \7$aLiteracka Nagroda Nobla$2DBN
=655  \7$aArtykuł z czasopisma kulturalnego$2DBN
=655  \7$aArtykuł z czasopisma literackiego$2DBN
=658  \\$aLiteraturoznawstwo
=773  0\$iW:$tElewator : kwartalnik literacko-kulturalny.$x2299-5692$g2020, nr 2, s. 170-178$w(PL)b0000002803510
=915  \\$aBZCz 2021/4429
=916  \\$aSamsel, Karol   (1986- )
=931  \\$a821.162.1(091)(045/046)
=945  0\$b2019
=946  \\$k2020
=950  \\$uhttps://eu05.alma.exlibrisgroup.com/view/uresolver/48OMNIS_NETWORK/openurl?u.ignore_date_coverage=true&portfolio_pid=53697273400005066&Force_direct=true$zZobacz w Polonie$853697273400005066
=955  \7$aArtykuł z czasopisma kulturalnego$2DBN
=955  \7$aArtykuł z czasopisma literackiego$2DBN
=958  \\$aLiteraturoznawstwo
=980  \\$aArtykuły
=999  \\$aBNzkdbzcz$bans$x01$y2021
  
