=LDR  01641naa a2200457 i 4500
=001  b1000000853332
=005  20211030064638.5
=008  210108s2019    pl           |000 0 pol c
=009  9911768633505606
=015  \\$aBZCz 2021/4343
=035  \\$a(PL)b1000000853332
=040  \\$aWA N$cWA N$dWA N
=046  \\$k2019
=080  \\$a821.162.1(091)(045/046)
=100  1\$aMaliszewski, Karol$d(1960- )$eAutor
=245  10$aOlga :$bnotatnik : ze snów i przypomnień /$cKarol Maliszewski.
=260  \\$c2019.
=336  \\$aTekst$btxt$2rdacontent
=337  \\$aBez urządzenia pośredniczącego$bn$2rdamedia
=338  \\$aWolumin$bnc$2rdacarrier
=380  \\$aArtykuły
=388  1\$a2001-
=600  17$aTokarczuk, Olga$d(1962- )$2DBN
=650  \7$aLiteratura polska$2DBN
=655  \7$aArtykuł z czasopisma literackiego$2DBN
=658  \\$aLiteraturoznawstwo
=773  0\$iW:$tWyspa (Warszawa).$x1897-2616$g2019, nr 4, s. 85-87$w(PL)b0000001921328
=915  \\$aBZCz 2021/4343
=916  \\$aMaliszewski, Karol   (1960- )
=931  \\$a821.162.1(091)(045/046)
=946  \\$k2019
=950  \\$uhttps://eu.alma.exlibrisgroup.com/view/uresolver/48OMNIS_NETWORK/openurl?u.ignore_date_coverage=true&portfolio_pid=53698178190005066&Force_direct=true$zZobacz w Polonie$853698178190005066
=955  \7$aArtykuł z czasopisma literackiego$2DBN
=958  \\$aLiteraturoznawstwo
=980  \\$aArtykuły
=999  \\$aBNzkdbzcz$bans$x01$y2021
  
