=LDR  03852nam a2201021 i 4500
=001  b1000000855154
=005  20221115132104.6
=008  210111s2020    pl aco       |000 0cpol c
=009  9911772162005606
=015  \\$aUWD 2021/1825
=020  \\$a9788366213555$q(oprawa miękka)
=035  \\$a(OCoLC)1241634606
=035  \\$axx005049194
=040  \\$aWA N$cWA N$dWA N$dKR U$dWA N$dKIEL W
=041  1\$apol$aeng
=045  2\$bd1865$bd2020
=046  \\$k2020
=080  \\$81.1\x$a94(438).07
=080  \\$81.2\x$a94(438).08
=080  \\$81.3\x$a316.346.2-055.2(438)
=080  \\$81.4\x$a929-052(438)"18"
=080  \\$81.5\x$a929-052(438)"19"
=084  \\$a10
=245  00$aOutstanding Polish women /$c[autorzy Magdalena Majewska, Aleksandra Michalak, Maria Ślebioda].
=260  \\$aWarszawa :$bMinisterstwo Spraw Zagranicznych. Departament Dyplomacji Publicznej i Kulturalnej,$c2020.
=300  \\$a72 strony :$bfotografie, ilustracje, portrety ;$c22x22 cm.
=336  \\$aTekst$btxt$2rdacontent
=337  \\$aBez urządzenia pośredniczącego$bn$2rdamedia
=338  \\$aWolumin$bnc$2rdacarrier
=380  \\$aKsiążki
=388  1\$a2001-
=546  \\$aTekst równolegle w języku polskim i w przekładzie angielskim.
=600  17$aBoznańska, Olga$d(1865-1940)$2DBN
=600  17$aChojnowska-Liskiewicz, Krystyna$d(1936-2021)$2DBN
=600  17$aRutkiewicz, Wanda$d(1943-1992)$2DBN
=600  17$aSendlerowa, Irena$d(1910-2008)$2DBN
=600  17$aSiemionow, Maria$d(1950- )$2DBN
=600  17$aSkłodowska-Curie, Maria$d(1867-1934)$2DBN
=600  17$aSzymborska, Wisława$d(1923-2012)$2DBN
=648  \7$a1801-1900$2DBN
=648  \7$a1901-2000$2DBN
=650  \7$aKobieta$2DBN
=651  \7$aPolska$2DBN
=655  \7$aBiografia$2DBN
=658  \\$aHistoria
=700  1\$aMajewska, Magdalena$eAutor
=700  1\$aMichalak, Aleksandra$eAutor
=710  2\$aDepartament Dyplomacji Publicznej i Kulturalnej (Ministerstwo Spraw Zagranicznych ; Polska)$eWydawca$4pbl
=852  \\$822685431590005066$j1$h3.142.735 A$bBN_PL$p30001028128203$cbk1
=852  \\$822684619490005066$j1$h3.571.310$bBN_PL$p30001030018653$cbk8
=852  \\$822570721590005067$j1$hB 827556 II$bBJ$p1002907682$cBJ_MAG
=852  \\$822570721620005067$j1$hA 981866 II$bBJ$p1002907681$cBJ_EGZ_A
=852  \\$822326545190006926$j1$h1425327$bTORU$p300051816539$cMG_bg
=852  \\$82247776710005069$j1$h98144 W$bLUBL_M$p1001026810$c30000
=915  \\$aUWD 2021/1825
=918  1\$aMajewska, Magdalena
=918  1\$aMichalak, Aleksandra
=920  \\$a978-83-66213-55-5 (oprawa miękka)
=921  2\$aDepartament Dyplomacji Publicznej i Kulturalnej (Ministerstwo Spraw Zagranicznych ; Polska)
=923  \\$aDepartament Dyplomacji Publicznej i Kulturalnej (Ministerstwo Spraw Zagranicznych ; Polska)
=931  \\$a94(438).07
=931  \\$a94(438).08
=931  \\$a316.346.2-055.2(438)
=931  \\$a929-052(438)"18"
=931  \\$a929-052(438)"19"
=935  \\$aUM2959133$9LOCAL$z48OMNIS_UMKWT
=945  2\$b1865$b2020
=946  \\$k2020
=951  \7$aPolska$2DBN
=955  \7$aBiografia$2DBN
=958  \\$aHistoria
=980  \\$aKsiążki
=999  \\$aBNzkdeo$bek$xuwd02$y21
  
