=LDR  01670naa a2200529 i 4500
=001  b1000000859293
=005  20211030063824.9
=008  210105s2019    pl            |0000 pol c
=009  9911769564005606
=015  \\$aPrasa 2021/01/05
=035  \\$a(OCoLC)1242138743
=040  \\$aWA M$cWA M$dWA N
=045  0\$bd1979$bd2019
=046  \\$k2019
=100  1\$aMigdał, Robert$d(1976- )$eAutor
=245  10$aO jak Olga, T jak Tokarczuk, czyli alfabet N jak noblistki. Od A do Ż /$cRobert Migdał.
=260  \\$c9 XII 2019.
=336  \\$aTekst$btxt$2rdacontent
=337  \\$aBez urządzenia pośredniczącego$bn$2rdamedia
=338  \\$aWolumin$bnc$2rdacarrier
=380  \\$aArtykuły
=388  1\$a2001-
=600  17$aTokarczuk, Olga$d(1962- )$2DBN
=648  \7$a1901-2000$2DBN
=648  \7$a1945-1989$2DBN
=648  \7$a1989-2000$2DBN
=650  \7$aLiteracka Nagroda Nobla$2DBN
=651  \7$aPolska$2DBN
=655  \7$aArtykuł z gazety$2DBN
=658  \\$aLiteraturoznawstwo
=773  0\$iW:$tPolska (Metropolia Warszawska, wyd. zasadnicze).$x1898-3081$g2019, nr 98, s. 30-31$w(PL)b0000002035638
=915  \\$aPrasa 2021/01/05
=916  \\$aMigdał, Robert   (1976- )
=945  0\$b1979$b2019
=946  \\$k2019
=951  \7$aPolska$2DBN
=955  \7$aArtykuł z gazety$2DBN
=958  \\$aLiteraturoznawstwo
=980  \\$aArtykuły
=999  \\$aWA M$bKB
  
