=LDR  01716naa a2200529 i 4500
=001  b1000000860303
=005  20211030064638.5
=008  210115s2021    pl       o    000 0 pol c
=009  9911774437005606
=015  \\$aPrasa 2021/01/15
=035  \\$a(OCoLC)1242056648
=040  \\$aWA N$cWA N$dWA N
=045  0\$bd2021
=046  \\$k2021
=100  1\$aMiłkowski, Tomasz$d(1947- )$eRecenzja
=245  10$aJesteśmy tu po to, żeby czytać /$cTomasz Miłkowski.
=260  \\$c15-17 I 2021.
=336  \\$aTekst$btxt$2rdacontent
=337  \\$aBez urządzenia pośredniczącego$bn$2rdamedia
=338  \\$aWolumin$bnc$2rdacarrier
=380  \\$aArtykuły
=388  1\$a2001-
=520  8\$aZawiera recenzję książki: Czuły narrator / Olga Tokarczuk. - Kraków, 2020.
=600  17$aTokarczuk, Olga$d(1962- ).$tCzuły narrator$2DBN
=648  \7$a2001-$2DBN
=650  \7$aAntologia$2DBN
=650  \7$aEsej$2DBN
=650  \7$aLiteratura polska$2DBN
=655  \7$aArtykuł z czasopisma społeczno-politycznego$2DBN
=655  \7$aArtykuł z gazety$2DBN
=658  \\$aLiteraturoznawstwo
=773  0\$iW:$tDziennik Trybuna.$x2300-3197$g2021, nr 10, s. 13$w(PL)b0000002890472
=915  \\$aPrasa 2021/01/15
=916  \\$aMiłkowski, Tomasz   (1947- )
=945  0\$b2021
=946  \\$k2021
=955  \7$aArtykuł z czasopisma społeczno-politycznego$2DBN
=955  \7$aArtykuł z gazety$2DBN
=958  \\$aLiteraturoznawstwo
=980  \\$aArtykuły
=999  \\$aBNzkdprasa$bmp
  
