=LDR  02301naa a2200613 i 4500
=001  b1000000865541
=005  20211030064424.5
=008  210121s2020    pl           |000 0 pol c
=009  9911781456805606
=015  \\$aBZCz 2021/4168
=024  7\$a10.31261/PS_P.2020.25.01$2doi
=035  \\$a(PL)b1000000865541
=040  \\$aWA N$cWA N$dWA N
=041  0\$apol$beng
=045  2\$bd2004$bd2006
=046  \\$k2020
=080  \\$81.1\x$a821.162.1(091)(045/046)
=100  1\$aAdelgejm, Irina$d(1971- )$eAutor
=245  10$aDoświadczenie tanatyczne i przezwyciężenie trwogi tanatycznej w powieściach Olgi Tokarczuk :$b"Ostatnie historie" i "Anna In w grobowcach świata" /$cIrina Adelgejm.
=260  \\$c2020.
=336  \\$aTekst$btxt$2rdacontent
=337  \\$aBez urządzenia pośredniczącego$bn$2rdamedia
=338  \\$aWolumin$bnc$2rdacarrier
=380  \\$aArtykuły
=388  1\$a2001-
=504  \\$aBibliografia, netografia na stronach 21-22.
=546  \\$aStreszczenie w języku angielskim.
=600  17$aTokarczuk, Olga$d(1962- ).$tAnna In w grobowcach świata$2DBN
=648  \7$a2001-$2DBN
=650  \7$aAutopsychoterapia$2DBN
=650  \7$aLiteratura polska$2DBN
=650  \7$aPowieść$2DBN
=650  \7$aPrzezwyciężanie lęku$2DBN
=650  \7$aŚmierć$2DBN
=655  \7$aArtykuł problemowy$2DBN
=655  \7$aArtykuł z czasopisma filologicznego$2DBN
=658  \\$aLiteraturoznawstwo
=773  0\$iW:$tPostscriptum Polonistyczne : pismo krajowych i zagranicznych polonistów poświęcone zagadnieniom związanym z nauczaniem kultury polskiej i języka polskiego jako obcego.$x1898-1593$g2020, nr 1, s. 11-22$w(PL)b0000002363272
=915  \\$aBZCz 2021/4168
=916  \\$aAdelgejm, Irina   (1971- )
=931  \\$a821.162.1(091)(045/046)
=945  2\$b2004$b2006
=946  \\$k2020
=955  \7$aArtykuł problemowy$2DBN
=955  \7$aArtykuł z czasopisma filologicznego$2DBN
=958  \\$aLiteraturoznawstwo
=980  \\$aArtykuły
=999  \\$aBNzkdbzcz$bjjk$x01$y2021
  
