=LDR  02425naa a2200625 i 4500
=001  b1000000865553
=005  20230106141708.0
=008  210121s2020    pl           |000 0 pol c
=009  9911781454105606
=015  \\$aBZCz 2021/4368
=024  7\$a10.31261/PS_P.2020.25.02$2doi
=035  \\$a(PL)b1000000865553
=040  \\$aWA N$cWA N$dWA N
=041  0\$apol$beng
=045  2\$bd2007$bd2014
=046  \\$k2020
=080  \\$81.1\x$a821.162.1(091)(045/046)
=100  1\$aNęcka-Czapska, Agnieszka$d(1980- )$eAutor
=245  10$aPodróżując w głąb człowieczego wnętrza :$bna marginesie twórczości Olgi Tokarczuk /$cAgnieszka Nęcka (Uniwersytet Śląski w Katowicach).
=246  30$aNa marginesie twórczości Olgi Tokarczuk
=260  \\$c2020.
=336  \\$aTekst$btxt$2rdacontent
=337  \\$aBez urządzenia pośredniczącego$bn$2rdamedia
=338  \\$aWolumin$bnc$2rdacarrier
=380  \\$aArtykuły
=388  1\$a2001-
=504  \\$aBibliografia, netografia na stronie 33.
=546  \\$aStreszczenie w języku angielskim.
=600  17$aTokarczuk, Olga$d(1962- ).$tBieguni$2DBN
=648  \7$a2001-$2DBN
=650  \7$aLiteratura polska$2DBN
=650  \7$aPodróże$2DBN
=650  \7$aPowieść$2DBN
=655  \7$aArtykuł problemowy$2DBN
=655  \7$aArtykuł z czasopisma filologicznego$2DBN
=658  \\$aLiteraturoznawstwo
=710  2\$aUniwersytet Śląski$4oth
=773  0\$iW:$tPostscriptum Polonistyczne : pismo krajowych i zagranicznych polonistów poświęcone zagadnieniom związanym z nauczaniem kultury polskiej i języka polskiego jako obcego.$x1898-1593$g2020, nr 1, s. 23-33$w(PL)b0000002363272
=915  \\$aBZCz 2021/4368
=916  \\$aNęcka, Agnieszka   (1980- )
=921  2\$aUniwersytet Śląski
=931  \\$a821.162.1(091)(045/046)
=945  2\$b2007$b2014
=946  \\$k2020
=955  \7$aArtykuł problemowy$2DBN
=955  \7$aArtykuł z czasopisma filologicznego$2DBN
=958  \\$aLiteraturoznawstwo
=980  \\$aArtykuły
=999  \\$aBNzkdbzcz$bjjk$x01$y2021
  
