=LDR  02435naa a2200637 i 4500
=001  b1000000865675
=005  20211030064556.8
=008  210121s2020    pl           |000 0 pol c
=009  9911781450505606
=015  \\$aBZCz 2021/4435
=024  7\$a10.31261/PS_P.2020.25.03$2doi
=035  \\$a(OCoLC)1242377770
=040  \\$aWA N$cWA N$dWA N
=041  0\$apol$beng
=045  0\$bd2014
=046  \\$k2020
=080  \\$81.1\x$a821.162.1(091)(045/046)
=100  1\$aSływynski, Ostap$d(1978- )$eAutor
=245  10$aObcy w poszukiwaniu domu :$b"Księgi Jakubowe" Olgi Tokarczuk dla współczesnej Ukrainy, Polski, Europy /$cOstap Sływynski.
=246  30$a"Księgi Jakubowe" Olgi Tokarczuk dla współczesnej Ukrainy, Polski, Europy
=260  \\$c2020.
=336  \\$aTekst$btxt$2rdacontent
=337  \\$aBez urządzenia pośredniczącego$bn$2rdamedia
=338  \\$aWolumin$bnc$2rdacarrier
=380  \\$aArtykuły
=388  1\$a2001-
=504  \\$aBibliografia, netografia na stronach 42-43.
=546  \\$aStreszczenie w języku angielskim.
=600  17$aTokarczuk, Olga$d(1962- ).$tKsięgi Jakubowe albo Wielka podróż przez siedem granic, pięć języków i trzy duże religie, nie licząc tych małych$2DBN
=648  \7$a2001-$2DBN
=650  \7$aDom (antropologia)$2DBN
=650  \7$aLiteratura polska$2DBN
=650  \7$aPodróże$2DBN
=650  \7$aPowieść$2DBN
=650  \7$aTematy i motywy$2DBN
=650  \7$aTożsamość (filozofia)$2DBN
=655  \7$aArtykuł problemowy$2DBN
=655  \7$aArtykuł z czasopisma filologicznego$2DBN
=658  \\$aLiteraturoznawstwo
=773  0\$iW:$tPostscriptum Polonistyczne : pismo krajowych i zagranicznych polonistów poświęcone zagadnieniom związanym z nauczaniem kultury polskiej i języka polskiego jako obcego.$x1898-1593$g2020, nr 1, s. 35-43$w(PL)b0000002363272
=915  \\$aBZCz 2021/4435
=916  \\$aSływynski, Ostap   (1978- )
=931  \\$a821.162.1(091)(045/046)
=945  0\$b2014
=946  \\$k2020
=955  \7$aArtykuł problemowy$2DBN
=955  \7$aArtykuł z czasopisma filologicznego$2DBN
=958  \\$aLiteraturoznawstwo
=980  \\$aArtykuły
=999  \\$aBNzkdbzcz$bjjk$x01$y2021
  
