=LDR  02343naa a2200649 i 4500
=001  b1000000865701
=005  20211030064424.5
=008  210121s2020    pl           |000 0 pol c
=009  9911781449705606
=015  \\$aBZCz 2021/4461
=024  7\$a10.31261/PS_P.2020.25.04$2doi
=035  \\$a(PL)b1000000865701
=040  \\$aWA N$cWA N$dWA N
=041  0\$apol$beng
=045  0\$bd2009
=046  \\$k2020
=080  \\$81.1\x$a821.162.1(091)(045/046)
=100  1\$aTanuševska, Lidija$eAutor
=245  10$aTłumaczenie tłumaczenia (czyli William Blake w powieści Olgi Tokarczuk) /$cLidija Tanuševska.
=246  30$aWilliam Blake w powieści Olgi Tokarczuk
=260  \\$c2020.
=336  \\$aTekst$btxt$2rdacontent
=337  \\$aBez urządzenia pośredniczącego$bn$2rdamedia
=338  \\$aWolumin$bnc$2rdacarrier
=380  \\$aArtykuły
=388  1\$a2001-
=504  \\$aBibliografia, netografia na stronach 53-54.
=546  \\$aStreszczenie w języku angielskim.
=600  17$aBlake, William$d(1757-1827)$2DBN
=648  \7$a2001-$2DBN
=650  \7$aLiteratura angielska$2DBN
=650  \7$aLiteratura polska$2DBN
=650  \7$aPowieść$2DBN
=650  \7$aPoezja$2DBN
=650  \7$aPrzekłady$2DBN
=655  \7$aArtykuł problemowy$2DBN
=655  \7$aArtykuł z czasopisma filologicznego$2DBN
=658  \\$aLiteraturoznawstwo
=773  0\$iW:$tPostscriptum Polonistyczne : pismo krajowych i zagranicznych polonistów poświęcone zagadnieniom związanym z nauczaniem kultury polskiej i języka polskiego jako obcego.$x1898-1593$g2020, nr 1, s. 45-54$w(PL)b0000002363272
=915  \\$aBZCz 2021/4461
=916  \\$aTanuševska, Lidija   
=931  \\$a821.162.1(091)(045/046)
=945  0\$b2009
=946  \\$k2020
=955  \7$aArtykuł problemowy$2DBN
=955  \7$aArtykuł z czasopisma filologicznego$2DBN
=958  \\$aLiteraturoznawstwo
=980  \\$aArtykuły
=999  \\$aBNzkdbzcz$bjjk$x01$y2021
  
