=LDR  02178naa a2200601 i 4500
=001  b1000000865711
=005  20211030064537.4
=008  210121s2020    pl           |000 0 pol c
=009  9911781449205606
=015  \\$aBZCz 2021/4473
=024  7\$a10.31261/PS_P.2020.25.05$2doi
=035  \\$a(PL)b1000000865711
=040  \\$aWA N$cWA N$dWA N
=041  0\$apol$beng
=045  0\$bd1998
=046  \\$k2020
=080  \\$81.1\x$a821.162.1(091)(045/046)
=100  1\$aVas, Viktória$eAutor
=245  10$aZamieszkiwać w bezdomności, czyli Motyw domu w powieści Olgi Tokarczuk "Dom dzienny, dom nocny" /$cViktória Vas.
=246  30$aMotyw domu w powieści Olgi Tokarczuk "Dom dzienny, dom nocny"
=260  \\$c2020.
=336  \\$aTekst$btxt$2rdacontent
=337  \\$aBez urządzenia pośredniczącego$bn$2rdamedia
=338  \\$aWolumin$bnc$2rdacarrier
=380  \\$aArtykuły
=388  1\$a2001-
=504  \\$aBibliografia, netografia na stronie 68.
=546  \\$aStreszczenie w języku angielskim.
=600  17$aTokarczuk, Olga$d(1962- ).$tDom dzienny, dom nocny$2DBN
=648  \7$a1901-2000$2DBN
=650  \7$aDom (antropologia)$2DBN
=650  \7$aLiteratura polska$2DBN
=650  \7$aPowieść$2DBN
=655  \7$aArtykuł problemowy$2DBN
=655  \7$aArtykuł z czasopisma filologicznego$2DBN
=658  \\$aLiteraturoznawstwo
=773  0\$iW:$tPostscriptum Polonistyczne : pismo krajowych i zagranicznych polonistów poświęcone zagadnieniom związanym z nauczaniem kultury polskiej i języka polskiego jako obcego.$x1898-1593$g2020, nr 1, s. 55-68$w(PL)b0000002363272
=915  \\$aBZCz 2021/4473
=916  \\$aVas, Viktória   
=931  \\$a821.162.1(091)(045/046)
=945  0\$b1998
=946  \\$k2020
=955  \7$aArtykuł problemowy$2DBN
=955  \7$aArtykuł z czasopisma filologicznego$2DBN
=958  \\$aLiteraturoznawstwo
=980  \\$aArtykuły
=999  \\$aBNzkdbzcz$bjjk$x01$y2021
  
