=LDR  02313naa a2200649 i 4500
=001  b1000000865720
=005  20211030064556.8
=008  210121s2020    pl           |000 0 pol c
=009  9911781448905606
=015  \\$aBZCz 2021/4339
=024  7\$a10.31261/PS_P.2020.25.06$2doi
=035  \\$a(PL)b1000000865720
=040  \\$aWA N$cWA N$dWA N
=041  0\$apol$beng
=045  0\$bd2007
=046  \\$k2020
=080  \\$81.1\x$a821.162.1(091)(045/046)
=100  1\$aMaciołek, Marcin$eAutor
=245  10$aO biegunie – językoznawczo (rozważania w kontekście tytułu powieści Olgi Tokarczuk "Bieguni") /$cMarcin Maciołek (Uniwersytet Śląski w Katowicach).
=260  \\$c2020.
=336  \\$aTekst$btxt$2rdacontent
=337  \\$aBez urządzenia pośredniczącego$bn$2rdamedia
=338  \\$aWolumin$bnc$2rdacarrier
=380  \\$aArtykuły
=388  1\$a2001-
=504  \\$aBibliografia, netografia na stronach 86-88.
=546  \\$aStreszczenie w języku angielskim.
=600  17$aTokarczuk, Olga$d(1962- ).$tBieguni$2DBN
=648  \7$a2001-$2DBN
=650  \7$aLiteratura polska$2DBN
=650  \7$aPowieść$2DBN
=650  \7$aSemantyka lingwistyczna$2DBN
=655  \7$aArtykuł problemowy$2DBN
=655  \7$aArtykuł z czasopisma filologicznego$2DBN
=658  \\$aJęzykoznawstwo
=710  2\$aUniwersytet Śląski$4oth
=773  0\$iW:$tPostscriptum Polonistyczne : pismo krajowych i zagranicznych polonistów poświęcone zagadnieniom związanym z nauczaniem kultury polskiej i języka polskiego jako obcego.$x1898-1593$g2020, nr 1, s. 69-88$w(PL)b0000002363272
=915  \\$aBZCz 2021/4339
=916  \\$aMaciołek, Marcin   
=921  2\$aUniwersytet Śląski
=931  \\$a821.162.1(091)(045/046)
=945  0\$b2007
=946  \\$k2020
=955  \7$aArtykuł problemowy$2DBN
=955  \7$aArtykuł z czasopisma filologicznego$2DBN
=958  \\$aJęzykoznawstwo
=980  \\$aArtykuły
=999  \\$aBNzkdbzcz$bjjk$x01$y2021
  
