=LDR  02359naa a2200637 i 4500
=001  b1000000865853
=005  20211030063458.7
=008  210121s2020    pl           |000 0 pol c
=009  9911780649605606
=015  \\$aBZCz 2021/4251
=024  7\$a10.31261/PS_P.2020.25.10$2doi
=035  \\$a(OCoLC)1242168534
=040  \\$aWA N$cWA N$dWA N
=041  0\$apol$beng
=045  2\$bd2007$bd2009
=046  \\$k2020
=080  \\$81.1\x$a821.162.1(091)(045/046)
=100  1\$aGodun, Cristina$eAutor
=245  10$aOd "Biegunów" do "Prowadź swój pług przez kości umarłych" :$bkilka uwag dotyczących recepcji fabularnego świata Olgi Tokarczuk w Rumunii /$cCristina, Godun.
=260  \\$c2020.
=336  \\$aTekst$btxt$2rdacontent
=337  \\$aBez urządzenia pośredniczącego$bn$2rdamedia
=338  \\$aWolumin$bnc$2rdacarrier
=380  \\$aArtykuły
=388  1\$a2001-
=504  \\$aBibliografia, netografia na stronach 144-145.
=546  \\$aStreszczenie w języku angielskim.
=600  17$aTokarczuk, Olga$d(1962- ).$tBieguni$2DBN
=648  \7$a2001-$2DBN
=650  \7$aFikcja literacka$2DBN
=650  \7$aLiteratura polska$2DBN
=650  \7$aPrzekłady rumuńskie$2DBN
=650  \7$aŚwiat przedstawiony$2DBN
=651  \7$aRumunia$2DBN
=655  \7$aArtykuł problemowy$2DBN
=655  \7$aArtykuł z czasopisma filologicznego$2DBN
=658  \\$aLiteraturoznawstwo
=773  0\$iW:$tPostscriptum Polonistyczne : pismo krajowych i zagranicznych polonistów poświęcone zagadnieniom związanym z nauczaniem kultury polskiej i języka polskiego jako obcego.$x1898-1593$g2020, nr 1, s. 135-145$w(PL)b0000002363272
=915  \\$aBZCz 2021/4251
=916  \\$aGodun, Cristina   
=931  \\$a821.162.1(091)(045/046)
=945  2\$b2007$b2009
=946  \\$k2020
=951  \7$aRumunia$2DBN
=955  \7$aArtykuł problemowy$2DBN
=955  \7$aArtykuł z czasopisma filologicznego$2DBN
=958  \\$aLiteraturoznawstwo
=980  \\$aArtykuły
=999  \\$aBNzkdbzcz$bjjk$x01$y2021
  
