=LDR  02127naa a2200589 i 4500
=001  b1000000865855
=005  20211030063537.3
=008  210121s2020    pl           |000 0 pol c
=009  9911780649505606
=015  \\$aBZCz 2021/4365
=024  7\$a10.31261/PS_P.2020.25.11$2doi
=035  \\$a(OCoLC)1242202856
=040  \\$aWA N$cWA N$dWA N
=041  0\$apol$beng
=046  \\$k2020
=080  \\$81.1\x$a821.162.1(091)(045/046)
=100  1\$aNahlìk, Olesâ$eAutor
=245  10$aO krok do Nobla i krok po nim :$brecepcja twórczości Olgi Tokarczuk na Ukrainie /$cOlesia Nachlik.
=246  30$aRecepcja twórczości Olgi Tokarczuk na Ukrainie
=260  \\$c2020.
=336  \\$aTekst$btxt$2rdacontent
=337  \\$aBez urządzenia pośredniczącego$bn$2rdamedia
=338  \\$aWolumin$bnc$2rdacarrier
=380  \\$aArtykuły
=388  1\$a2001-
=504  \\$aBibliografia, netografia na stronach 160-161.
=546  \\$aStreszczenie w języku angielskim.
=600  17$aTokarczuk, Olga$d(1962- )$2DBN
=650  \7$aLiteracka Nagroda Nobla$2DBN
=650  \7$aLiteratura polska$2DBN
=650  \7$aPisarstwo$2DBN
=651  \7$aUkraina$2DBN
=655  \7$aArtykuł problemowy$2DBN
=655  \7$aArtykuł z czasopisma filologicznego$2DBN
=658  \\$aLiteraturoznawstwo
=773  0\$iW:$tPostscriptum Polonistyczne : pismo krajowych i zagranicznych polonistów poświęcone zagadnieniom związanym z nauczaniem kultury polskiej i języka polskiego jako obcego.$x1898-1593$g2020, nr 1, s. 147-162$w(PL)b0000002363272
=915  \\$aBZCz 2021/4365
=916  \\$aNahlìk, Olesâ   
=931  \\$a821.162.1(091)(045/046)
=946  \\$k2020
=951  \7$aUkraina$2DBN
=955  \7$aArtykuł problemowy$2DBN
=955  \7$aArtykuł z czasopisma filologicznego$2DBN
=958  \\$aLiteraturoznawstwo
=980  \\$aArtykuły
=999  \\$aBNzkdbzcz$bjjk$x01$y2021
  
