=LDR  02134naa a2200589 i 4500
=001  b1000000865857
=005  20211030063922.1
=008  210121s2020    pl           |000 0 pol c
=009  9911780649405606
=015  \\$aBZCz 2021/4255
=024  7\$a10.31261/PS_P.2020.25.12$2doi
=035  \\$a(OCoLC)1242163077
=040  \\$aWA N$cWA N$dWA N
=041  0\$apol$beng
=046  \\$k2020
=080  \\$81.1\x$a821.162.1(091)(045/046)
=100  1\$aGrigorova, Margreta$d(1964- )$eAutor
=245  10$aGłos Olgi Tokarczuk w Bułgarii, czyli Jak odnaleźć zgubioną duszę /$cMargreta Grigorova.
=246  30$aJak odnaleźć zgubioną duszę
=260  \\$c2020.
=336  \\$aTekst$btxt$2rdacontent
=337  \\$aBez urządzenia pośredniczącego$bn$2rdamedia
=338  \\$aWolumin$bnc$2rdacarrier
=380  \\$aArtykuły
=388  1\$a2001-
=504  \\$aBibliografia, netografia na stronach 172-173.
=546  \\$aStreszczenie w języku angielskim.
=600  17$aTokarczuk, Olga$d(1962- )$2DBN
=650  \7$aLiteracka Nagroda Nobla$2DBN
=650  \7$aLiteratura polska$2DBN
=650  \7$aPisarstwo$2DBN
=651  \7$aBułgaria$2DBN
=655  \7$aArtykuł problemowy$2DBN
=655  \7$aArtykuł z czasopisma filologicznego$2DBN
=658  \\$aLiteraturoznawstwo
=773  0\$iW:$tPostscriptum Polonistyczne : pismo krajowych i zagranicznych polonistów poświęcone zagadnieniom związanym z nauczaniem kultury polskiej i języka polskiego jako obcego.$x1898-1593$g2020, nr 1, s. 163-173$w(PL)b0000002363272
=915  \\$aBZCz 2021/4255
=916  \\$aGrigorova, Margreta   (1964- )
=931  \\$a821.162.1(091)(045/046)
=946  \\$k2020
=951  \7$aBułgaria$2DBN
=955  \7$aArtykuł problemowy$2DBN
=955  \7$aArtykuł z czasopisma filologicznego$2DBN
=958  \\$aLiteraturoznawstwo
=980  \\$aArtykuły
=999  \\$aBNzkdbzcz$bjjk$x01$y2021
  
