=LDR  02127naa a2200613 i 4500
=001  b1000000869193
=005  20211030064735.1
=008  210125s2020    pl           |000 0 pol c
=009  9911781216705606
=015  \\$aBZCz 2021/4325
=024  7\$a10.15290/bsl.2020.16.05$2doi
=035  \\$a(OCoLC)1242245543
=040  \\$aWA N$cWA N$dWA N
=041  0\$apol$beng
=045  2\$bd1996$bd2018
=046  \\$k2020
=080  \\$a821.162.1(091)(045/046)
=100  1\$aLarenta, Anna$eAutor
=245  10$aMetamorficzność postaci w twórczości Olgi Tokarczuk /$cAnna Larenta.
=260  \\$c2020.
=336  \\$aTekst$btxt$2rdacontent
=337  \\$aBez urządzenia pośredniczącego$bn$2rdamedia
=338  \\$aWolumin$bnc$2rdacarrier
=380  \\$aArtykuły
=388  1\$a2001-
=504  \\$aBibliografia na stronach 111-113.
=546  \\$aStreszczenie w języku angielskim.
=600  17$aTokarczuk, Olga$d(1962- )$2DBN
=648  \7$a1901-2000$2DBN
=648  \7$a1989-2000$2DBN
=650  \7$aLiteratura polska$2DBN
=650  \7$aMetamorfizm$2DBN
=655  \7$aArtykuł problemowy$2DBN
=655  \7$aArtykuł z czasopisma filologicznego$2DBN
=658  \\$aLiteraturoznawstwo
=773  0\$iW:$tBiałostockie Studia Literaturoznawcze : BSL.$x2082-9701.$gNr 16 (2020), s. 83-113$w(PL)b0000002666996
=915  \\$aBZCz 2021/4325
=916  \\$aLarenta, Anna   
=931  \\$a821.162.1(091)(045/046)
=945  2\$b1996$b2018
=946  \\$k2020
=950  \\$uhttps://eu.alma.exlibrisgroup.com/view/uresolver/48OMNIS_NETWORK/openurl?u.ignore_date_coverage=true&portfolio_pid=53698102950005066&Force_direct=true$zZobacz w Polonie$853698102950005066
=955  \7$aArtykuł problemowy$2DBN
=955  \7$aArtykuł z czasopisma filologicznego$2DBN
=958  \\$aLiteraturoznawstwo
=980  \\$aArtykuły
=999  \\$aBNzkdbzcz$brs$x01$y2021
  
