=LDR  02664naa a2200661 i 4500
=001  b1000000870030
=005  20211030063903.9
=008  210125s2020    pl           |000 0 pol c
=009  9911781200205606
=015  \\$aBZCz 2021/4373
=024  7\$a10.31261/PS_P.2020.25.07$2doi
=035  \\$a(OCoLC)1242247980
=040  \\$aWA N$cWA N$dWA N
=041  0\$apol$aeng$beng
=045  0\$bd2019
=046  \\$k2020
=080  \\$81.1\x$a821.162.1(091)(045/046)
=100  1\$aNowacki, Dariusz$d(1965- )$eAutor
=245  10$aCały ten zgiełk :$bo wczesnych reakcjach na uhonorowanie Olgi Tokarczuk Literacką Nagrodą Nobla = All that jazz : early reactions to the Nobel Prizein Literature awarded to Olga Tokarczuk /$cDariusz Nowacki (Uniwersytet Śląski, Katowice).
=246  30$aO wczesnych reakcjach na uhonorowanie Olgi Tokarczuk Literacką Nagrodą Nobla
=260  \\$c2020.
=336  \\$aTekst$btxt$2rdacontent
=337  \\$aBez urządzenia pośredniczącego$bn$2rdamedia
=338  \\$aWolumin$bnc$2rdacarrier
=380  \\$aArtykuły
=388  1\$a2001-
=504  \\$aBibliografia, netografia na stronach 108-111.
=546  \\$aTekst źródłowy równolegle w języku polskim i języku angielskim. Streszczenie w języku angielskim.
=600  17$aTokarczuk, Olga$d(1962- )$2DBN
=610  27$aSvenska Akademien$2DBN
=648  \7$a2001-$2DBN
=650  \7$aLiteracka Nagroda Nobla$2DBN
=650  \7$aLiteratura$2DBN
=650  \7$aLiteratura polska$2DBN
=650  \7$aPisarstwo$2DBN
=655  \7$aArtykuł problemowy$2DBN
=655  \7$aArtykuł z czasopisma filologicznego$2DBN
=658  \\$aLiteraturoznawstwo
=710  2\$aUniwersytet Śląski$4oth
=773  0\$iW:$tPostscriptum Polonistyczne : pismo krajowych i zagranicznych polonistów poświęcone zagadnieniom związanym z nauczaniem kultury polskiej i języka polskiego jako obcego.$x1898-1593$g2020, nr 1, s. 90-111$w(PL)b0000002363272
=915  \\$aBZCz 2021/4373
=916  \\$aNowacki, Dariusz   (1965- )
=921  2\$aUniwersytet Śląski
=931  \\$a821.162.1(091)(045/046)
=945  0\$b2019
=946  \\$k2020
=955  \7$aArtykuł problemowy$2DBN
=955  \7$aArtykuł z czasopisma filologicznego$2DBN
=958  \\$aLiteraturoznawstwo
=980  \\$aArtykuły
=999  \\$aBNzkdbzcz$bjjk$x01$y2021
  
