=LDR  02658naa a2200673 i 4500
=001  b1000000870049
=005  20211030063458.7
=008  210125s2020    pl           |000 0 pol c
=009  9911781199805606
=015  \\$aBZCz 2021/4201
=024  7\$a10.31261/PS_P.2020.25.13$2doi
=035  \\$a(OCoLC)1242257747
=040  \\$aWA N$cWA N$dWA N
=041  0\$apol$aeng$beng
=046  \\$k2020
=080  \\$81.1\x$a821.162.1(091)(045/046)
=100  1\$aChoi, Sung-eun$d(1971- )$eWywiad
=245  10$aPodróż między dwoma językami :$bo pracy nad przekładem tekstów Olgi Tokarczuk = Journey between two languages /$cz Esterą Czoj – tłumaczką literatury polskiej na język koreański – rozmawia Wioletta Hajduk-Gawron.
=246  30$aO pracy nad przekładem tekstów Olgi Tokarczuk
=260  \\$c2020.
=336  \\$aTekst$btxt$2rdacontent
=337  \\$aBez urządzenia pośredniczącego$bn$2rdamedia
=338  \\$aWolumin$bnc$2rdacarrier
=380  \\$aArtykuły
=388  1\$a2001-
=504  \\$aBibliografia na stronach 194-195.
=546  \\$aTekst źródłowy równolegle w języku polskim i języku angielskim. Streszczenie w języku angielskim.
=600  17$aChoi, Sung-eun$d(1971- )$2DBN
=650  \7$aJęzyk koreański$2DBN
=650  \7$aLiteratura polska$2DBN
=650  \7$aPowieść$2DBN
=650  \7$aPrzekłady koreańskie$2DBN
=655  \7$aArtykuł z czasopisma filologicznego$2DBN
=655  \7$aArtykuł z czasopisma naukowego$2DBN
=658  \\$aJęzykoznawstwo
=700  1\$aHajduk-Gawron, Wioletta$eWywiad
=773  0\$iW:$tPostscriptum Polonistyczne : pismo krajowych i zagranicznych polonistów poświęcone zagadnieniom związanym z nauczaniem kultury polskiej i języka polskiego jako obcego.$x1898-1593$g2020, nr 1, s. 176-197$w(PL)b0000002363272
=915  \\$aBZCz 2021/4201
=916  \\$aChoi, Sung-eun   (1971- )
=918  1\$aHajduk-Gawron, Wioletta
=931  \\$a821.162.1(091)(045/046)
=946  \\$k2020
=955  \7$aArtykuł z czasopisma filologicznego$2DBN
=955  \7$aArtykuł z czasopisma naukowego$2DBN
=958  \\$aJęzykoznawstwo
=980  \\$aArtykuły
=999  \\$aBNzkdbzcz$bjjk$x01$y2021
  
