=LDR  02477naa a2200661 i 4500
=001  b1000000870099
=005  20220214142156.0
=008  210125s2020    pl           |000 0 pol c
=009  9911781199505606
=015  \\$aBZCz 2021/4490
=024  7\$a10.31261/PS_P.2020.25.14$2doi
=035  \\$a(OCoLC)1242255371
=040  \\$aWA N$cWA N$dWA N
=041  0\$apol$beng
=046  \\$k2020
=080  \\$81.1\x$a821.162.1(091)(045/046)
=100  1\$aYi, Lijun$d(1934-2022)$eWywiad
=245  10$aO wierności :$bo pracy nad przekładem tekstów Olgi Tokarczuk /$cz Yi Lijun – tłumaczką literatury polskiej na język chiński – rozmawia Zhao Zhen ; przełożył Michał Kumor.
=246  30$aO pracy nad przekładem tekstów Olgi Tokarczuk
=260  \\$c2020.
=336  \\$aTekst$btxt$2rdacontent
=337  \\$aBez urządzenia pośredniczącego$bn$2rdamedia
=338  \\$aWolumin$bnc$2rdacarrier
=380  \\$aArtykuły
=388  1\$a2001-
=546  \\$aStreszczenie w języku angielskim.
=600  17$aTokarczuk, Olga$d(1962- )$2DBN
=650  \7$aLiteratura polska$2DBN
=650  \7$aPowieść$2DBN
=650  \7$aPrzekłady chińskie$2DBN
=655  \7$aArtykuł z czasopisma filologicznego$2DBN
=655  \7$aArtykuł z czasopisma naukowego$2DBN
=658  \\$aJęzykoznawstwo
=700  1\$aKumor, Michał$eTłumaczenie
=773  0\$iW:$tPostscriptum Polonistyczne : pismo krajowych i zagranicznych polonistów poświęcone zagadnieniom związanym z nauczaniem kultury polskiej i języka polskiego jako obcego.$x1898-1593$g2020, nr 1, s. 201-208$w(PL)b0000002363272
=915  \\$aBZCz 2021/4490
=916  \\$aYi, Lijun   (1934- )
=918  1\$aKumor, Michał
=931  \\$a821.162.1(091)(045/046)
=946  \\$k2020
=955  \7$aArtykuł z czasopisma filologicznego$2DBN
=955  \7$aArtykuł z czasopisma naukowego$2DBN
=958  \\$aJęzykoznawstwo
=980  \\$aArtykuły
=999  \\$aBNzkdbzcz$bjjk$x01$y2021
  
