=LDR  02369naa a2200673 i 4500
=001  b1000000870106
=005  20211030064404.3
=008  210125s2020    pl           |000 0 pol c
=009  9911781199405606
=015  \\$aBZCz 2021/4390
=024  7\$a10.31261/PS_P.2020.25.15$2doi
=035  \\$a(OCoLC)1242254313
=040  \\$aWA N$cWA N$dWA N
=041  0\$apol$beng
=045  2\$bd1990$bd2019
=046  \\$k2020
=080  \\$81.1\x$a821.162.1(091)(045/046)
=100  1\$aPálfalvi, Lajos$d(1959- )$eWywiad
=245  10$aZ węgierskiej perspektywy :$bOlga Tokarczuk /$cz Lajosem Pálfalvim rozmawia Sandra Trela.
=260  \\$c2020.
=336  \\$aTekst$btxt$2rdacontent
=337  \\$aBez urządzenia pośredniczącego$bn$2rdamedia
=338  \\$aWolumin$bnc$2rdacarrier
=380  \\$aArtykuły
=388  1\$a2001-
=546  \\$aStreszczenie w języku angielskim.
=600  17$aTokarczuk, Olga$d(1962- )$2DBN
=648  \7$a1901-2000$2DBN
=648  \7$a1989-2000$2DBN
=650  \7$aLiteratura polska$2DBN
=650  \7$aPrzekłady węgierskie$2DBN
=650  \7$aTeoria przekładu$2DBN
=655  \7$aArtykuł z czasopisma filologicznego$2DBN
=655  \7$aArtykuł z czasopisma naukowego$2DBN
=658  \\$aJęzykoznawstwo
=700  1\$aTrela, Sandra$c(filolog)$eWywiad
=773  0\$iW:$tPostscriptum Polonistyczne : pismo krajowych i zagranicznych polonistów poświęcone zagadnieniom związanym z nauczaniem kultury polskiej i języka polskiego jako obcego.$x1898-1593$g2020, nr 1, s. 209-213$w(PL)b0000002363272
=915  \\$aBZCz 2021/4390
=916  \\$aPálfalvi, Lajos   (1959- )
=918  1\$aTrela, Sandra$c(filolog)
=931  \\$a821.162.1(091)(045/046)
=945  2\$b1990$b2019
=946  \\$k2020
=955  \7$aArtykuł z czasopisma filologicznego$2DBN
=955  \7$aArtykuł z czasopisma naukowego$2DBN
=958  \\$aJęzykoznawstwo
=980  \\$aArtykuły
=999  \\$aBNzkdbzcz$bjjk$x01$y2021
  
