=LDR  01793naa a2200517 i 4500
=001  b1000000877861
=005  20211030063458.7
=008  210203s2020    pl           |000 0 pol c
=009  9911784501905606
=015  \\$aBZCz 2021/9608
=035  \\$a(PL)b1000000877861
=040  \\$aWA N$cWA N$dWA N
=045  2\$bd1980$b1998
=046  \\$k2020
=080  \\$a821.162.1(091)(045/046)
=100  1\$aMaliszewski, Karol$d(1960- )$eAutor
=245  10$aOlga :$bnotatnik : ze snów i przypomnień.$n1 /$cKarol Maliszewski.
=260  \\$c2020.
=336  \\$aTekst$btxt$2rdacontent
=337  \\$aBez urządzenia pośredniczącego$bn$2rdamedia
=338  \\$aWolumin$bnc$2rdacarrier
=380  \\$aArtykuły
=388  1\$a2001-
=600  17$aTokarczuk, Olga$d(1962- )$2DBN
=648  \7$a1901-2000$2DBN
=648  \7$a1945-1989$2DBN
=650  \7$aLiteratura polska$2DBN
=655  \7$aArtykuł z czasopisma literackiego$2DBN
=658  \\$aLiteraturoznawstwo
=773  0\$iW:$tWyspa (Warszawa).$x1897-2616$g2020, nr 1, s. 59-60$w(PL)b0000001921328
=915  \\$aBZCz 2021/9608
=916  \\$aMaliszewski, Karol   (1960- )
=931  \\$a821.162.1(091)(045/046)
=945  2\$b1980$b1998
=946  \\$k2020
=950  \\$uhttps://eu.alma.exlibrisgroup.com/view/uresolver/48OMNIS_NETWORK/openurl?u.ignore_date_coverage=true&portfolio_pid=53697578760005066&Force_direct=true$zZobacz w Polonie$853697578760005066
=955  \7$aArtykuł z czasopisma literackiego$2DBN
=958  \\$aLiteraturoznawstwo
=980  \\$aArtykuły
=999  \\$aBNzkdbzcz$bans$x02$y2021
  
