=LDR  02201naa a2200625 i 4500
=001  b1000000881088
=005  20211030064041.3
=008  210205s2021    pl       o    000 0 pol c
=009  9911786016705606
=015  \\$aPrasa 2021/02/05
=035  \\$a(OCoLC)1242372445
=040  \\$aWA N$cWA N$dWA N
=045  2\$bd2021
=046  \\$k2021
=100  1\$aMiłkowski, Tomasz$d(1947- )$eRecenzja
=245  10$aLepsze jest to, co jest w ruchu /$cTomasz Miłkowski.
=260  \\$c5-7 II 2021.
=336  \\$aTekst$btxt$2rdacontent
=337  \\$aBez urządzenia pośredniczącego$bn$2rdamedia
=338  \\$aWolumin$bnc$2rdacarrier
=380  \\$aArtykuły
=388  1\$a2001-
=520  8\$aZawiera recenzję przedstawienia: Bieguni / Olga Tokarczuk ; reżyseria Michał Zadara ; Teatr Powszechny im. Zygmunta Hubnera i Teatr Łaźnia Nowa, Warszawa.
=600  17$aTokarczuk, Olga$d(1962- ).$tBieguni$2DBN
=610  27$aTeatr Łaźnia Nowa (Kraków)$2DBN
=648  \7$a2001-$2DBN
=650  \7$aInscenizacja$2DBN
=650  \7$aLiteratura polska$2DBN
=651  \7$aKraków (woj. małopolskie)$2DBN
=655  \7$aArtykuł z czasopisma społeczno-politycznego$2DBN
=655  \7$aArtykuł z gazety$2DBN
=658  \\$aHistoria
=773  0\$iW:$tDziennik Trybuna.$x2300-3197$g2021, nr 25, s. 21$w(PL)b0000002890472
=915  \\$aPrasa 2021/02/05
=916  \\$aMiłkowski, Tomasz   (1947- )
=945  2\$b2021
=946  \\$k2021
=951  \7$aKraków (woj. małopolskie)$2DBN
=955  \7$aArtykuł z czasopisma społeczno-politycznego$2DBN
=955  \7$aArtykuł z gazety$2DBN
=958  \\$aHistoria
=980  \\$aArtykuły
=999  \\$aBNzkdprasa$bmp
  
