=LDR  01963naa a2200601 i 4500
=001  b1000000890833
=005  20211030064424.5
=008  210217s2021    pl            |0000 pol c
=009  9911794242105606
=015  \\$aPrasa 2021/02/17
=035  \\$a(PL)b1000000890833
=040  \\$aWA N$cWA N$dWA N
=045  2\$bd2005$bd2021
=046  \\$k2021
=100  1\$aCroft, Jennifer$eWywiad
=245  10$aZawsze lubiłam wymyślać historie /$crozmowa z Jennifer Croft, pisarką ; Natalia Szostak.
=260  \\$c16 II 2021.
=336  \\$aTekst$btxt$2rdacontent
=337  \\$aBez urządzenia pośredniczącego$bn$2rdamedia
=338  \\$aWolumin$bnc$2rdacarrier
=380  \\$aArtykuły
=388  1\$a2001-
=600  17$aCroft, Jennifer.$tHomesick$2DBN
=648  \7$a2001-$2DBN
=650  \7$aLiteratura amerykańska$2DBN
=650  \7$aLiteratura hiszpańska$2DBN
=650  \7$aLiteratura polska$2DBN
=650  \7$aPisarze amerykańscy$2DBN
=650  \7$aPowieść$2DBN
=650  \7$aPrzekłady amerykańskie$2DBN
=651  \7$aStany Zjednoczone (USA)$2DBN
=655  \7$aArtykuł z gazety$2DBN
=658  \\$aJęzykoznawstwo
=700  1\$aSzostak, Natalia$c(dziennikarz)$eWywiad
=773  0\$iW:$tGazeta Wyborcza (Wyd. zasadnicze).$x0860-908X$g2021, nr 38, s. 16-17$w(PL)b0000001301576
=915  \\$aPrasa 2021/02/17
=916  \\$aCroft, Jennifer   
=918  1\$aSzostak, Natalia$c(dziennikarz)
=945  2\$b2005$b2021
=946  \\$k2021
=951  \7$aStany Zjednoczone (USA)$2DBN
=955  \7$aArtykuł z gazety$2DBN
=958  \\$aJęzykoznawstwo
=980  \\$aArtykuły
=999  \\$aBNzkdprasa$bjkr
  
