=LDR  01678naa a2200517 i 4500
=001  b1000000892293
=005  20211030064519.4
=008  210218s2021    pl            |0000 pol c
=009  9911794205705606
=015  \\$aPrasa 2021/02/18
=035  \\$a(PL)b1000000892293
=040  \\$aWA N$cWA N$dWA N
=045  2\$bd2020$bd2021
=046  \\$k2021
=100  1\$aSzostak, Natalia$c(dziennikarz)$eAutor
=245  10$a"Czuły narrator" bestsellerem :$bOlga Tokarczuk /$cNatalia Szostak.
=260  \\$c18 II 2021.
=336  \\$aTekst$btxt$2rdacontent
=337  \\$aBez urządzenia pośredniczącego$bn$2rdamedia
=338  \\$aWolumin$bnc$2rdacarrier
=380  \\$aArtykuły
=388  1\$a2001-
=600  17$aTokarczuk, Olga$d(1962- ).$tCzuły narrator$2DBN
=648  \7$a2001-$2DBN
=650  \7$aBestseller$2DBN
=650  \7$aEsej$2DBN
=651  \7$aPolska$2DBN
=655  \7$aArtykuł publicystyczny$2DBN
=658  \\$aBibliotekarstwo, archiwistyka, muzealnictwo
=773  0\$iW:$tGazeta Wyborcza (Wyd. zasadnicze).$x0860-908X$g2021, nr 40, s. 19$w(PL)b0000001301576
=915  \\$aPrasa 2021/02/18
=916  \\$aSzostak, Natalia  (dziennikarz) 
=945  2\$b2020$b2021
=946  \\$k2021
=951  \7$aPolska$2DBN
=955  \7$aArtykuł publicystyczny$2DBN
=958  \\$aBibliotekarstwo, archiwistyka, muzealnictwo
=980  \\$aArtykuły
=999  \\$aBNzkdprasa$bjkr
  
