=LDR  01883naa a2200529 i 4500
=001  b1000000898216
=005  20211030063555.9
=008  210224s2020    pl           |000 0 pol c
=009  9911795530205606
=035  \\$a(PL)b1000000898216
=040  \\$aWA N$cWA N$dWA N
=041  0\$apol$beng
=045  0\$bd2018
=046  \\$k2020
=080  \\$a821.162.1(091)(045/046)
=100  1\$aWądolny-Tatar, Katarzyna$eAutor
=245  10$aApokryficzność Opowiadań bizarnych Olgi Tokarczuk /$cKatarzyna Wądolny-Tatar (Uniwersytet Pedagogiczny im. Komisji Edukacji Narodowej w Krakowie).
=260  \\$c2020
=336  \\$aTekst$btxt$2rdacontent
=337  \\$aBez urządzenia pośredniczącego$bn$2rdamedia
=338  \\$aWolumin$bnc$2rdacarrier
=380  \\$aArtykuły
=388  1\$a2001-
=504  \\$aBibliografia na stronach 156-157.
=546  \\$aStreszczenie w języku angielskim.
=600  17$aTokarczuk, Olga$d(1962- ).$tOpowiadania bizarne$2DBN
=648  \7$a2000-$2DBN
=650  \7$aApokryficzność$2DBN
=650  \7$aLiteratura polska$2DBN
=655  \7$aArtykuł problemowy$2DBN
=658  \\$aLiteraturoznawstwo
=710  2\$aUniwersytet Pedagogiczny im. Komisji Edukacji Narodowej (Kraków)$4oth
=773  0\$iW:$tDeformacja - brzydota - odmienność : literatura, język, kultura, dydaktyka.$gs. 139-158$w(PL)b1000000896818
=916  \\$aWądolny-Tatar, Katarzyna   
=921  2\$aUniwersytet Pedagogiczny im. Komisji Edukacji Narodowej (Kraków)
=931  \\$a821.162.1(091)(045/046)
=945  0\$b2018
=946  \\$k2020
=955  \7$aArtykuł problemowy$2DBN
=958  \\$aLiteraturoznawstwo
=980  \\$aArtykuły
=999  \\$aBNzkdroz$bmk
  
