=LDR  02061naa a2200553 i 4500
=001  b1000000902973
=005  20230113140910.5
=008  210302s2021    pl       o    000 0 pol c  
=009  9911797156705606
=015  \\$aBZCz 2021/15141
=035  \\$a(PL)b1000000902973
=040  \\$aWA N$cWA N$dWA N
=045  0\$bd2020
=046  \\$k2021
=080  \\$a821.162.1(091)(045/046)
=100  1\$aSadkowski, Wacław$d(1933-2023)$eRecenzja
=245  10$aWyznania Olgi Tokarczuk /$cWacław Sadkowski.
=260  \\$c2021.
=336  \\$aTekst$btxt$2rdacontent
=337  \\$aBez urządzenia pośredniczącego$bn$2rdamedia
=338  \\$aWolumin$bnc$2rdacarrier
=380  \\$aArtykuły
=388  1\$a2001-
=520  8\$aZawiera recenzję książki: Czuły narrator / Olga Tokarczuk. - Kraków, 2020.
=600  17$aTokarczuk, Olga$d(1962- ).$tCzuły narrator$2DBN
=648  \7$a2001-$2DBN
=650  \7$aAntologia$2DBN
=650  \7$aEsej$2DBN
=650  \7$aLiteratura polska$2DBN
=655  \7$aArtykuł z czasopisma naukowego$2DBN
=655  \7$aArtykuł z czasopisma politycznego$2DBN
=655  \7$aArtykuł z czasopisma społeczno-kulturalnego$2DBN
=658  \\$aLiteraturoznawstwo
=773  0\$iW:$tRes Humana : humanizm, racjonalizm, kultura świecka.$x0867-874X$gR. 30, nr 1 (2021), s. 46-47$w(PL)b0000001296819
=915  \\$aBZCz 2021/15141
=916  \\$aSadkowski, Wacław   (1933- )
=931  \\$a821.162.1(091)(045/046)
=945  0\$b2020
=946  \\$k2021
=950  \\$uhttps://eu05.alma.exlibrisgroup.com/view/uresolver/48OMNIS_NETWORK/openurl?u.ignore_date_coverage=true&portfolio_pid=53697901860005066&Force_direct=true$zZobacz w Polonie$853697901860005066
=955  \7$aArtykuł z czasopisma naukowego$2DBN
=955  \7$aArtykuł z czasopisma politycznego$2DBN
=955  \7$aArtykuł z czasopisma społeczno-kulturalnego$2DBN
=958  \\$aLiteraturoznawstwo
=980  \\$aArtykuły
=999  \\$aBNzkdbzcz$babr$x03$y2021
  
