=LDR  01522naa a2200481 i 4500
=001  b1000000903647
=005  20220326163002.6
=008  210303s2021    pl            |0000 pol c
=009  9911797146205606
=015  \\$aPrasa 2021/03/03
=035  \\$a(PL)b1000000903647
=040  \\$aWA N$cWA N$dWA N
=045  0\$bd2020
=046  \\$k2021
=100  1\$aKuźniar, Roman$d(1953- )$eAutor
=245  10$aNie zgadzam się z Olgą Tokarczuk /$cRoman Kuźniar.
=260  \\$c27-28 II 2021.
=336  \\$aTekst$btxt$2rdacontent
=337  \\$aBez urządzenia pośredniczącego$bn$2rdamedia
=338  \\$aWolumin$bnc$2rdacarrier
=380  \\$aArtykuły
=388  1\$a2001-
=600  17$aTokarczuk, Olga$d(1962- ).$tCzuły narrator$2DBN
=648  \7$a2001-$2DBN
=650  \7$aFikcja literacka$2DBN
=651  \7$aPolska$2DBN
=655  \7$aArtykuł publicystyczny$2DBN
=658  \\$aLiteraturoznawstwo
=773  0\$iW:$tGazeta Wyborcza (Wyd. zasadnicze).$x0860-908X$g2021, nr 48, dod. Wolna Sobota, s. 30-31$w(PL)b0000001301576
=915  \\$aPrasa 2021/03/03
=916  \\$aKuźniar, Roman   (1953- )
=945  0\$b2020
=946  \\$k2021
=951  \7$aPolska$2DBN
=955  \7$aArtykuł publicystyczny$2DBN
=958  \\$aLiteraturoznawstwo
=980  \\$aArtykuły
=999  \\$aBNzkdprasa$bmp
  
