=LDR  01675naa a2200517 i 4500
=001  b1000000907441
=005  20211030063537.3
=008  210308s2019    pl            |0000 pol c
=009  9911800065605606
=015  \\$aPrasa 2021/03/08
=035  \\$a(PL)b1000000907441
=040  \\$aLUBL M$cLUBL M$dLUBL M
=045  0\$bd2019
=046  \\$k2019
=100  1\$aSobolewska, Justyna$d(1972- )$eAutor
=245  10$aPrzesłanie z Olgalandu /$cJustyna Sobolewska.
=260  \\$c11-17 XII 2019.
=336  \\$aTekst$btxt$2rdacontent
=337  \\$aBez urządzenia pośredniczącego$bn$2rdamedia
=338  \\$aWolumin$bnc$2rdacarrier
=380  \\$aArtykuły
=388  1\$a2001-
=500  \\$aKorespondencja z Sztokholmu.
=520  8\$aTekst mowy, którą noblistka wygłosiła w w Sztokholmie 7.12.2019 r.
=600  17$aTokarczuk, Olga$d(1962- )$2DBN
=648  \7$a2001-$2DBN
=650  \7$aLiteracka Nagroda Nobla$2DBN
=650  \7$aLiteratura polska$2DBN
=651  \7$aSztokholm (Szwecja)$2DBN
=655  \7$aArtykuł z tygodnika opinii$2DBN
=658  \\$aLiteraturoznawstwo
=773  0\$iW:$tPolityka (Warszawa ; 1957).$x0032-3500$g2019, nr 50, s. 93$w(PL)b0000001481990
=915  \\$aPrasa 2021/03/08
=916  \\$aSobolewska, Justyna   (1972- )
=945  0\$b2019
=946  \\$k2019
=951  \7$aSztokholm (Szwecja)$2DBN
=955  \7$aArtykuł z tygodnika opinii$2DBN
=958  \\$aLiteraturoznawstwo
=980  \\$aArtykuły
=999  \\$aWBPLdbl$bprasa acz$cdw
  
