=LDR  02047naa a2200577 i 4500
=001  b1000000908122
=005  20211030064404.3
=008  210308s2020    pl           |000 0 pol c
=009  9911799841405606
=035  \\$a(PL)b1000000908122
=040  \\$aWA N$cWA N$dWA N
=041  0\$apol$beng
=046  \\$k2020
=080  \\$81.1\x$a82(091)+82,01/.09(045/046)
=100  1\$aĆwikła, Paweł$d(1972- )$eAutor
=245  10$a"Fabula interrupta" :$bOlgi Tokarczuk refleksja o powieści w świetle socjologii literatury /$cPaweł Ćwikła (Uniwersytet Śląski w Katowicach).
=246  30$aOlgi Tokarczuk refleksja o powieści w świetle socjologii literatury
=260  \\$c2020.
=336  \\$aTekst$btxt$2rdacontent
=337  \\$aBez urządzenia pośredniczącego$bn$2rdamedia
=338  \\$aWolumin$bnc$2rdacarrier
=380  \\$aArtykuły
=388  1\$a2001-
=504  \\$aBibliografia na stronach 162-163.
=600  17$aTokarczuk, Olga$d(1962- )$2DBN
=650  \7$aMowy$2DBN
=650  \7$aNagroda Nobla$2DBN
=650  \7$aPisarze polscy$2DBN
=651  \7$aPolska$2DBN
=655  \7$aArtykuł problemowy$2DBN
=658  \\$aLiteraturoznawstwo
=710  2\$aUniwersytet Śląski$4oth
=773  0\$iW:$tSocjologia bez granic : o naukowej tożsamości działań na rzecz człowieka i jego środowiska : księga jubileuszowa dedykowana profesor Kazimierze Wódz.$gs. 154-164$w(PL)b1000000883338
=916  \\$aĆwikła, Paweł   (1972- )
=921  2\$aUniwersytet Śląski
=931  \\$a82(091)+82,01/.09(045/046)
=946  \\$k2020
=951  \7$aPolska$2DBN
=955  \7$aArtykuł problemowy$2DBN
=958  \\$aLiteraturoznawstwo
=980  \\$aArtykuły
=999  \\$aBNzkdroz$bws
  
