=LDR  01762naa a2200541 i 4500
=001  b1000000911837
=005  20211030063632.2
=008  210312s2019    pl           |000 0 pol c
=009  9911801945805606
=015  \\$aBZCz 2021/15116
=035  \\$a(PL)b1000000911837
=040  \\$aWA N$cWA N$dWA N
=045  0\$bd2019
=046  \\$k2019
=080  \\$a821.162.1(091)(045/046)
=100  1\$aPiekarska, Małgorzata Karolina$d(1967- )$eAutor
=245  10$aPo czym oceniamy książki, czyli Słówko o literackim Noblu... /$cMałgorzata Karolina Piekarska.
=246  30$aSłówko o literackim Noblu...
=260  \\$c2019.
=336  \\$aTekst$btxt$2rdacontent
=337  \\$aBez urządzenia pośredniczącego$bn$2rdamedia
=338  \\$aWolumin$bnc$2rdacarrier
=380  \\$aArtykuły
=388  1\$a2001-
=600  17$aTokarczuk, Olga$d(1962- )$2DBN
=648  \7$a2001-$2DBN
=650  \7$aLaureaci$2DBN
=650  \7$aLiteracka Nagroda Nobla$2DBN
=650  \7$aLiteratura polska$2DBN
=651  \7$aPolska$2DBN
=655  \7$aArtykuł z czasopisma literackiego$2DBN
=658  \\$aLiteraturoznawstwo
=773  0\$iW:$tKsiążki : magazyn literacki.$x1642-2066$g2019, nr 11, s. 24-25$w(PL)b0000001554182
=915  \\$aBZCz 2021/15116
=916  \\$aPiekarska, Małgorzata Karolina   (1967- )
=931  \\$a821.162.1(091)(045/046)
=945  0\$b2019
=946  \\$k2019
=951  \7$aPolska$2DBN
=955  \7$aArtykuł z czasopisma literackiego$2DBN
=958  \\$aLiteraturoznawstwo
=980  \\$aArtykuły
=999  \\$aBNzkdbzcz$bans$x03$y2021
  
