=LDR  01819naa a2200565 i 4500
=001  b1000000912655
=005  20211030063458.7
=008  210312s2020    pl           |000 0 pol c
=009  9911802135505606
=035  \\$a(PL)b1000000912655
=040  \\$aWA N$cWA N$dWA N
=041  0\$apol$beng
=045  0\$bd2007
=046  \\$k2020
=080  \\$a821.162.1(091)(045/046)
=100  1\$aSokalska, Ewelina$eAutor
=245  10$aSłownictwo dotyczące zmysłu smaku w powieści "Bieguni" Olgi Tokarczuk /$cEwelina Sokalska (Uniwersytet w Białymstoku).
=260  \\$c2020.
=336  \\$aTekst$btxt$2rdacontent
=337  \\$aBez urządzenia pośredniczącego$bn$2rdamedia
=338  \\$aWolumin$bnc$2rdacarrier
=380  \\$aArtykuły
=388  1\$a2001-
=504  \\$aBibliografia na stronie 199.
=546  \\$aStreszczenie w języku angielskim.
=600  17$aTokarczuk, Olga$d(1962- ).$tBieguni$2DBN
=648  \7$a2001-$2DBN
=650  \7$aKulinaria$2DBN
=650  \7$aSłownictwo$2DBN
=650  \7$aLiteratura polska$2DBN
=650  \7$aPowieść$2DBN
=650  \7$aSmak$2DBN
=655  \7$aArtykuł problemowy$2DBN
=658  \\$aLiteraturoznawstwo
=710  2\$aUniwersytet w Białymstoku$4oth
=773  0\$iW:$tFizyczne aspekty ludzkiego życia i ich odzwierciedlenie w języku i literaturze.$gS. 189-199$w(PL)b1000000871757
=916  \\$aSokalska, Ewelina   
=921  2\$aUniwersytet w Białymstoku
=931  \\$a821.162.1(091)(045/046)
=945  0\$b2007
=946  \\$k2020
=955  \7$aArtykuł problemowy$2DBN
=958  \\$aLiteraturoznawstwo
=980  \\$aArtykuły
=999  \\$aBNzkdroz$bsg
  
