=LDR  01705naa a2200541 i 4500
=001  b1000000912868
=005  20211030063555.9
=008  210314s2019    pl            |0000 pol c
=009  9911795150005606
=015  \\$aPrasa 2021/02/25
=035  \\$a(PL)b1000000912868
=040  \\$aLUBL M$cLUBL M$dLUBL M
=045  0\$bd2019
=046  \\$k2019
=100  1\$aSobolewska, Justyna$d(1972- )$eAutor
=245  10$aPoszukiwanie sensu w czasach chaosu /$cJustyna Sobolewska.
=260  \\$c16-22 X 2019.
=336  \\$aTekst$btxt$2rdacontent
=337  \\$aBez urządzenia pośredniczącego$bn$2rdamedia
=338  \\$aWolumin$bnc$2rdacarrier
=380  \\$aArtykuły
=388  1\$a2001-
=600  17$aTokarczuk, Olga$d(1962- )$2DBN
=648  \7$a2001-$2DBN
=650  \7$aLaureaci$2DBN
=650  \7$aLiteracka Nagroda Nobla$2DBN
=650  \7$aLiteratura polska$2DBN
=650  \7$aPisarze polscy$2DBN
=651  \7$aPolska$2DBN
=655  \7$aArtykuł z gazety$2DBN
=658  \\$aLiteraturoznawstwo
=773  0\$iW:$tPolityka (Warszawa ; 1957).$x0032-3500$g2019, nr 42, s. 18-22$w(PL)b0000001481990
=915  \\$aPrasa 2021/02/25
=916  \\$aSobolewska, Justyna   (1972- )
=945  0\$b2019
=946  \\$k2019
=951  \7$aPolska$2DBN
=955  \7$aArtykuł z gazety$2DBN
=958  \\$aLiteraturoznawstwo
=980  \\$aArtykuły
=999  \\$aWBPLdbl$bprasa wk$cnd
  
