=LDR  01703naa a2200553 i 4500
=001  b1000000914715
=005  20221113133725.9
=008  210316s2019    pl            |0000 pol c
=009  9911796898505606
=015  \\$aPrasa 2021/03/03
=035  \\$a(PL)b1000000914715
=040  \\$aLUBL M$cLUBL M$dLUBL M
=045  1\$bd2000$bd2019
=046  \\$k2019
=100  1\$aSobolewska, Justyna$d(1972- )$eAutor
=245  10$aKsięgi światowe /$cJustyna Sobolewska.
=260  \\$c23-29 X 2019.
=336  \\$aTekst$btxt$2rdacontent
=337  \\$aBez urządzenia pośredniczącego$bn$2rdamedia
=338  \\$aWolumin$bnc$2rdacarrier
=380  \\$aArtykuły
=388  1\$a2001-
=600  17$aTokarczuk, Olga$d(1962- )$2DBN
=648  \7$a1901-2000$2DBN
=648  \7$a1989-2000$2DBN
=650  \7$aLiteratura polska$2DBN
=650  \7$aPowieść obyczajowa$2DBN
=650  \7$aPrzekłady$2DBN
=651  \7$aPolska$2DBN
=655  \7$aArtykuł publicystyczny$2DBN
=658  \\$aLiteraturoznawstwo
=773  0\$iW:$tPolityka (Warszawa ; 1957).$x0032-3500$g2019, nr 43, s. 72-74$w(PL)b0000001481990
=915  \\$aPrasa 2021/03/03
=916  \\$aSobolewska, Justyna   (1972- )
=945  1\$b2000$b2019
=946  \\$k2019
=951  \7$aPolska$2DBN
=955  \7$aArtykuł publicystyczny$2DBN
=958  \\$aLiteraturoznawstwo
=980  \\$aArtykuły
=999  \\$aWBPLdbl$bprasa wk$cnd
  
