=LDR  01845naa a2200493 i 4500
=001  b1000000917661
=005  20211030063650.4
=008  210318s2020    pl           |000 e pol c
=009  9911812753305606
=015  \\$aBZCz 2021/15211
=035  \\$a(PL)b1000000917661
=040  \\$aWA N$cWA N$dWA N
=045  0\$bd2007
=046  \\$k2020
=080  \\$a821.162.1(091)(045/046)
=100  1\$aZakrzewska, Barbara$d(1958- )$eAutor
=245  10$aSylwiczność mile widziana, czyli Po nitce do... Kairosa :$bwokół "Biegunów" Olgi Tokarczuk z liberaturą w tle : okiem czytelniczki /$cBarbara Zakrzewska.
=246  30$aPo nitce do... Kairosa
=260  \\$c2020.
=336  \\$aTekst$btxt$2rdacontent
=337  \\$aBez urządzenia pośredniczącego$bn$2rdamedia
=338  \\$aWolumin$bnc$2rdacarrier
=380  \\$aArtykuły
=388  1\$a2001-
=600  17$aTokarczuk, Olga$d(1962- ).$tBieguni$2DBN
=648  \7$a2000-$2DBN
=650  \7$aLiteratura polska$2DBN
=655  \7$aArtykuł z czasopisma literackiego$2DBN
=658  \\$aLiteraturoznawstwo
=773  0\$iW:$tPrzydroża : ostrołęcki rocznik literacki.$x2391-5722$gNr 7 (2020), s. 251-258$w(PL)b0000003245132
=915  \\$aBZCz 2021/15211
=916  \\$aZakrzewska, Barbara   (1958- )
=931  \\$a821.162.1(091)(045/046)
=945  0\$b2007
=946  \\$k2020
=950  \\$uhttps://eu.alma.exlibrisgroup.com/view/uresolver/48OMNIS_NETWORK/openurl?u.ignore_date_coverage=true&portfolio_pid=53697450260005066&Force_direct=true$zZobacz w Polonie$853697450260005066
=955  \7$aArtykuł z czasopisma literackiego$2DBN
=958  \\$aLiteraturoznawstwo
=980  \\$aArtykuły
=999  \\$aBNzkdbzcz$bans$x03$y2021
  
