=LDR  02402naa a2200661 i 4500
=001  b1000000917800
=005  20220922135504.7
=008  210318s2021    pl           |000 0 pol c
=009  9911812129405606
=015  \\$aBZCz 2021/14661
=035  \\$a(PL)b1000000917800
=040  \\$aWA N$cWA N$dWA N
=045  2\$bd2005$bd2021
=046  \\$k2021
=080  \\$a82(091)+82.01/.09(045/046)
=100  1\$aCroft, Jennifer$eWywiad
=245  10$aOklahoma - Argentyna - Tokarczuk /$cz Jennifer Croft rozmawia Natalia Szostak.
=260  \\$c2021.
=336  \\$aTekst$btxt$2rdacontent
=337  \\$aBez urządzenia pośredniczącego$bn$2rdamedia
=338  \\$aWolumin$bnc$2rdacarrier
=380  \\$aArtykuły
=388  1\$a2001-
=600  17$aCroft, Jennifer.$tHomesick$2DBN
=648  \7$a2001-$2DBN
=650  \7$aLiteratura amerykańska$2DBN
=650  \7$aLiteratura hiszpańska$2DBN
=650  \7$aLiteratura polska$2DBN
=650  \7$aPisarze amerykańscy$2DBN
=650  \7$aPowieść$2DBN
=650  \7$aPrzekłady amerykańskie$2DBN
=651  \7$aStany Zjednoczone (USA)$2DBN
=655  \7$aArtykuł z czasopisma literackiego$2DBN
=655  \7$aArtykuł z czasopisma społeczno-kulturalnego$2DBN
=658  \\$aJęzykoznawstwo
=700  1\$aSzostak, Natalia$c(dziennikarz)$eWywiad
=773  0\$iW:$tKsiążki (Warszawa ; 2011).$x2083-3881$g2021, nr 1, s. 38-40$w(PL)b0000002644843
=915  \\$aBZCz 2021/14661
=916  \\$aCroft, Jennifer   
=918  1\$aSzostak, Natalia$c(dziennikarz)
=931  \\$a82(091)+82.01/.09(045/046)
=945  2\$b2005$b2021
=946  \\$k2021
=950  \\$uhttps://eu05.alma.exlibrisgroup.com/view/uresolver/48OMNIS_NETWORK/openurl?u.ignore_date_coverage=true&portfolio_pid=53698142040005066&Force_direct=true$zZobacz w Polonie$853698142040005066
=951  \7$aStany Zjednoczone (USA)$2DBN
=955  \7$aArtykuł z czasopisma literackiego$2DBN
=955  \7$aArtykuł z czasopisma społeczno-kulturalnego$2DBN
=958  \\$aJęzykoznawstwo
=980  \\$aArtykuły
=999  \\$aBNzkdbzcz$brs$x03$y2021
  
