=LDR  01692naa a2200529 i 4500
=001  b1000000919529
=005  20211030064308.2
=008  210322s2019    pl            |0000 pol c
=009  9911813367105606
=015  \\$aPrasa 2021/03/08
=035  \\$a(PL)b1000000919529
=040  \\$aLUBL M$cLUBL M$dLUBL M
=045  0\$bd2019
=046  \\$k2019
=100  1\$aSobolewska, Justyna$d(1972- )$eAutor
=245  10$aJak Tokarczuk oczarowała Szwedów /$cJustyna Sobolewska.
=260  \\$c18-31 XII 2019.
=336  \\$aTekst$btxt$2rdacontent
=337  \\$aBez urządzenia pośredniczącego$bn$2rdamedia
=338  \\$aWolumin$bnc$2rdacarrier
=380  \\$aArtykuły
=388  1\$a2001-
=500  \\$aKorespondencja ze Sztokholmu.
=600  17$aTokarczuk, Olga$d(1962- )$2DBN
=648  \7$a2001-$2DBN
=650  \7$aLiteracka Nagroda Nobla$2DBN
=650  \7$aLiteratura polska$2DBN
=650  \7$aNagroda Nobla$2DBN
=650  \7$aOdbiór społeczny$2DBN
=651  \7$aSzwecja$2DBN
=655  \7$aArtykuł publicystyczny$2DBN
=658  \\$aKultura i sztuka
=773  0\$iW:$tPolityka (Warszawa ; 1957).$x0032-3500$g2019, nr 51/52, s. 140-144$w(PL)b0000001481990
=915  \\$aPrasa 2021/03/08
=916  \\$aSobolewska, Justyna   (1972- )
=945  0\$b2019
=946  \\$k2019
=951  \7$aSzwecja$2DBN
=955  \7$aArtykuł publicystyczny$2DBN
=958  \\$aKultura i sztuka
=980  \\$aArtykuły
=999  \\$aWBPLdbl$bprasa acz$cdw
  
