=LDR  01954naa a2200565 i 4500
=001  b1000000922176
=005  20220922135514.8
=008  210324s2020    pl           |000 0 pol c
=009  9911986827905606
=015  \\$aBZCz 2021/15182
=035  \\$a(PL)b1000000922176
=040  \\$aWA N$cWA N$dWA N
=045  2\$bd2019
=046  \\$k2020
=080  \\$81.1\x$a821.162.1(091)(045/046)
=100  1\$aTenderenda-Ożóg, Ewa$eAutor
=245  00$a"Bieguni" Olgi Tokarczuk Wydawnictwo Literackie :$bAudiobook Roku 2019 /$cEwa Tenderenda-Ożóg..
=246  30$aAudiobook Roku 2019
=260  \\$c2020.
=336  \\$aTekst$btxt$2rdacontent
=337  \\$aBez urządzenia pośredniczącego$bn$2rdamedia
=338  \\$aWolumin$bnc$2rdacarrier
=380  \\$aArtykuły
=388  1\$a2001-
=600  17$aTokarczuk, Olga$d(1962- ).$tBieguni$2DBN
=648  \7$a2001-$2DBN
=650  \7$aAudiobooki$2DBN
=650  \7$aNagrody literackie$2DBN
=651  \7$aPolska$2DBN
=655  \7$aArtykuł problemowy$2DBN
=658  \\$aLiteraturoznawstwo
=773  0\$iW:$tKsiążki : magazyn literacki.$x1642-2066$g2020, nr 1, s. 24$w(PL)b0000001554182
=915  \\$aBZCz 2021/15182
=916  \\$aTenderenda-Ożóg, Ewa   
=931  \\$a821.162.1(091)(045/046)
=945  2\$b2019
=946  \\$k2020
=950  \\$uhttps://eu05.alma.exlibrisgroup.com/view/uresolver/48OMNIS_NETWORK/openurl?u.ignore_date_coverage=true&portfolio_pid=53705835660005066&Force_direct=true$zZobacz w Polonie$853705835660005066
=951  \7$aPolska$2DBN
=955  \7$aArtykuł problemowy$2DBN
=958  \\$aLiteraturoznawstwo
=980  \\$aArtykuły
=999  \\$aBNzkdbzcz$bans$x03$y2021
  
