=LDR  02610naa a2200649 i 4500
=001  b1000000923898
=005  20211030064250.1
=008  210325s2021    pl        o   000 0 pol  c
=009  9911986784105606
=015  \\$aPrasa 2021/03/25
=035  \\$a(PL)b1000000923898
=040  \\$aKR M$cKR M$dWA N
=045  0\$bd2021
=046  \\$k2021
=100  1\$aKosiński, Dariusz$d(1966- )$eAutor
=245  10$aTeatr jest wahaniem :$b"Bieguni" Michała Zadary, jak książka Olgi Tokarczuk, kończą się sceną wyjścia z hali odlotów, ku kolejnej podróży /$cDariusz Kosiński.
=246  3\$a"Bieguni" Michała Zadary, jak książka Olgi Tokarczuk, kończą się sceną wyjścia z hali odlotów, ku kolejnej podróży
=260  \\$c21 II 2021.
=336  \\$aTekst$btxt$2rdacontent
=337  \\$aBez urządzenia pośredniczącego$bn$2rdamedia
=338  \\$aWolumin$bnc$2rdacarrier
=380  \\$aArtykuły
=388  1\$a2001-
=520  1\$aZawiera recenzję przedstawienia: Bieguni / Olga Tokarczuk ; reżyseria Michał Zadara ; Teatr Powszechny im. Zygmunta Hubnera i Teatr Łaźnia Nowa, Warszawa.
=600  17$aTokarczuk, Olga$d(1962- ).$tBieguni$2DBN
=610  27$aTeatr Łaźnia Nowa (Kraków)$2DBN
=648  \7$a2001-$2DBN
=650  \7$aInscenizacja$2DBN
=650  \7$aLiteratura polska$2DBN
=651  \7$aKraków (woj. małopolskie)$2DBN
=655  \7$aArtykuł z czasopisma katolickiego$2DBN
=655  \7$aArtykuł z czasopisma kulturalnego$2DBN
=655  \7$aArtykuł z czasopisma społeczno-politycznego$2DBN
=658  \\$aHistoria
=773  0\$iW:$tTygodnik Powszechny : katolickie pismo społeczno-kulturalne.$x0041-4808.$g2021, nr 8, s. 80-82$w(PL)b0000001298071
=915  \\$aPrasa 2021/03/25
=916  \\$aKosiński, Dariusz   (1966- )
=945  0\$b2021
=946  \\$k2021
=951  \7$aKraków (woj. małopolskie)$2DBN
=955  \7$aArtykuł z czasopisma katolickiego$2DBN
=955  \7$aArtykuł z czasopisma kulturalnego$2DBN
=955  \7$aArtykuł z czasopisma społeczno-politycznego$2DBN
=958  \\$aHistoria
=980  \\$aArtykuły
=999  \\$aKR M$bjn
  
