=LDR  02005naa a2200589 i 4500
=001  b1000000932526
=005  20211030063632.2
=008  200316s2021    pl            000 0 pol c
=009  9911773845705606
=015  \\$aPrasa 2021/01/15
=035  \\$a(PL)b1000000932526
=040  \\$aWA M$cWA M$dWA N
=045  0\$bd2019
=046  \\$k2021
=100  1\$aBalazs, Artur Krzysztof$d(1952- )$eWywiad
=245  10$aBalazs: Andrzej Duda może mieć duży problem z wygraniem wyborów /$cArtur Balazs ; rozmawiał Agaton Koziński.
=260  \\$c27-29 XII 2019.
=336  \\$aTekst$btxt$2rdacontent
=337  \\$aBez urządzenia pośredniczącego$bn$2rdamedia
=338  \\$aWolumin$bnc$2rdacarrier
=380  \\$aArtykuły
=388  1\$a2001-
=600  17$aDuda, Andrzej$d(1972- )$2DBN
=648  \7$a2001-$2DBN
=650  \7$aLiteracka Nagroda Nobla$2DBN
=650  \7$aPisarze polscy$2DBN
=650  \7$aPolitycy$2DBN
=650  \7$aPolityka wewnętrzna$2DBN
=650  \7$aWybory parlamentarne w Polsce (2019)$2DBN
=651  \7$aPolska$2DBN
=655  \7$aArtykuł z gazety$2DBN
=658  \\$aLiteraturoznawstwo
=700  1\$aKoziński, Agaton$eWywiad
=773  0\$iW:$tPolska (Metropolia Warszawska, wyd. zasadnicze).$x1898-3081$g2019, nr 103, s. 18-19$w(PL)b0000002035638
=915  \\$aPrasa 2021/01/15
=916  \\$aBalazs, Artur Krzysztof   (1952- )
=918  1\$aKoziński, Agaton
=945  0\$b2019
=946  \\$k2021
=951  \7$aPolska$2DBN
=955  \7$aArtykuł z gazety$2DBN
=958  \\$aLiteraturoznawstwo
=980  \\$aArtykuły
=999  \\$aWA M$bKB
  
