=LDR  01777naa a2200553 i 4500
=001  b1000000932542
=005  20211030063824.9
=008  200316s2019    pl            000 0 pol c
=009  9911773840805606
=015  \\$aPrasa 2021/01/15
=035  \\$a(PL)b1000000932542
=040  \\$aWA M$cWA M$dWA N
=045  0\$bd2018$bd2019
=046  \\$k2019
=100  1\$aDahl, Arne$d(1963- )$eWywiad
=245  10$aArne Dahl: Najpopularniejszą polską pisarką w Szwecji jest Olga Tokarczuk /$cArne Dahl ; rozmawiała Maria Olecha-Lisiecka.
=260  \\$c30 XII 2019.
=336  \\$aTekst$btxt$2rdacontent
=337  \\$aBez urządzenia pośredniczącego$bn$2rdamedia
=338  \\$aWolumin$bnc$2rdacarrier
=380  \\$aArtykuły
=388  1\$a2001-
=600  17$aTokarczuk, Olga$d(1962- )$2DBN
=648  \7$a2001-$2DBN
=650  \7$aKryminał$2DBN
=650  \7$aLiteracka Nagroda Nobla$2DBN
=650  \7$aPisarze polscy$2DBN
=651  \7$aPolska$2DBN
=655  \7$aArtykuł z gazety$2DBN
=658  \\$aLiteraturoznawstwo
=700  1\$aOlecha-Lisiecka, Maria$eWywiad
=773  0\$iW:$tPolska (Metropolia Warszawska, wyd. zasadnicze).$x1898-3081$g2019, nr 104, s. 13$w(PL)b0000002035638
=915  \\$aPrasa 2021/01/15
=916  \\$aDahl, Arne   (1963- )
=918  1\$aOlecha-Lisiecka, Maria
=945  0\$b2018$b2019
=946  \\$k2019
=951  \7$aPolska$2DBN
=955  \7$aArtykuł z gazety$2DBN
=958  \\$aLiteraturoznawstwo
=980  \\$aArtykuły
=999  \\$aWA M$bKB
  
