=LDR  01526naa a2200481 i 4500
=001  b1000000939653
=005  20211030063903.9
=008  210415s2020    pl           |000 0 pol c
=009  9912003098505606
=015  \\$aBZCz 2021/19921
=035  \\$a(PL)b1000000939653
=040  \\$aWA N$cWA N$dWA N
=045  2\$bd2004$bd2014
=046  \\$k2020
=080  \\$a821.162.1(091)(045/046)
=100  1\$aMaliszewski, Karol$d(1960- )$eAutor
=245  10$aOlga :$bnotatnik : ze snów i przypomnień.$n4 /$cKarol Maliszewski.
=260  \\$c2020.
=336  \\$aTekst$btxt$2rdacontent
=337  \\$aBez urządzenia pośredniczącego$bn$2rdamedia
=338  \\$aWolumin$bnc$2rdacarrier
=380  \\$aArtykuły
=388  1\$a2001-
=600  17$aTokarczuk, Olga$d(1962- )$2DBN
=648  \7$a2001-$2DBN
=650  \7$aLiteratura polska$2DBN
=655  \7$aArtykuł z czasopisma literackiego$2DBN
=658  \\$aLiteraturoznawstwo
=773  0\$iW:$tWyspa (Warszawa).$x1897-2616$g2020, nr 3, s. 66-69$w(PL)b0000001921328
=915  \\$aBZCz 2021/19921
=916  \\$aMaliszewski, Karol   (1960- )
=931  \\$a821.162.1(091)(045/046)
=945  2\$b2004$b2014
=946  \\$k2020
=955  \7$aArtykuł z czasopisma literackiego$2DBN
=958  \\$aLiteraturoznawstwo
=980  \\$aArtykuły
=999  \\$aBNzkdbzcz$bjjk$x04$y2021
  
