=LDR  01983naa a2200601 i 4500
=001  b1000000945862
=005  20211030064657.7
=008  210422s2021    pl            |0000 pol c 
=009  9912033155005606
=015  \\$aPrasa 2021/04/22
=035  \\$a(PL)b1000000945862
=040  \\$aGD W$cGD W$dWA N
=041  1\$apol$hrus
=045  0\$bd2021
=046  \\$k2021
=100  1\$aTokarczuk, Olga$d(1962- )$eWywiad
=245  10$aStara nowomowa /$cuważa Olga Tokarczuk.
=260  \\$c9-22 IV 2021.
=336  \\$aTekst$btxt$2rdacontent
=337  \\$aBez urządzenia pośredniczącego$bn$2rdamedia
=338  \\$aWolumin$bnc$2rdacarrier
=380  \\$aArtykuły
=388  1\$a2001-
=546  \\$aTekst tłumaczony z języka rosyjskiego.
=600  17$aTokarczuk, Olga$d(1962- )$2DBN
=648  \7$a2001-$2DBN
=650  \7$aPisarze polscy$2DBN
=650  \7$aPolitycy$2DBN
=650  \7$aPolityka$2DBN
=651  \7$aPolska$2DBN
=655  \7$aArtykuł z czasopisma kulturalnego$2DBN
=655  \7$aArtykuł z czasopisma społeczno-politycznego$2DBN
=655  \7$aArtykuł z tygodnika opinii$2DBN
=658  \\$aLiteraturoznawstwo
=773  0\$iW:$tForum (Warszawa ; 2015).$x2450-8284$g2021, nr 8, s. 16-17$w(PL)b0000005150091
=915  \\$aPrasa 2021/04/22
=916  \\$aTokarczuk, Olga   (1962- )
=945  0\$b2021
=946  \\$k2021
=951  \7$aPolska$2DBN
=955  \7$aArtykuł z czasopisma kulturalnego$2DBN
=955  \7$aArtykuł z czasopisma społeczno-politycznego$2DBN
=955  \7$aArtykuł z tygodnika opinii$2DBN
=958  \\$aLiteraturoznawstwo
=980  \\$aArtykuły
=999  \\$aGD W$bij
  
