=LDR  02405naa a2200625 i 4500
=001  b1000000957900
=005  20211030064424.5
=008  210507s2020    pl           |000 0 eng c
=009  9912073527005606
=015  \\$aBZCz 2021/25271
=035  \\$a(PL)b1000000957900
=040  \\$aLUBL M$cLUBL M$dWA N
=041  0\$aeng$bpol
=046  \\$k2020
=080  \\$a821.162.1(091)(045/046)
=100  1\$aBiałek-Osses, Marta$eAutor
=245  10$a(Un)translatability :$bonomastics in Olga Tokarczuk’s "Primeval and Other Times" = (Nie)przekładalność : onomastyka w powieści Olgi Tokarczuk „Prawiek i inne czasy” /$cMarta Białek (Ateneum - Szkoła Wyższa w Gdańsku).
=246  30$aOnomastics in Olga Tokarczuk’s "Primeval and Other Times"
=260  \\$c2020.
=336  \\$aTekst$btxt$2rdacontent
=337  \\$aBez urządzenia pośredniczącego$bn$2rdamedia
=338  \\$aWolumin$bnc$2rdacarrier
=380  \\$aArtykuły
=388  1\$a2001-
=500  \\$aPrzyjęta nazwa autora: Marta Białek Osses.
=504  \\$aBibliografia na stronie 311.
=546  \\$aStreszczenie w języku polskim.
=600  17$aTokarczuk, Olga$d(1962- ).$tPrawiek i inne czasy$2DBN
=650  \7$aJęzyk angielski$2DBN
=650  \7$aLiteratura polska$2DBN
=650  \7$aOnomastyka$2DBN
=650  \7$aProza$2DBN
=650  \7$aPrzekładalność i nieprzekładalność$2DBN
=655  \7$aArtykuł problemowy$2DBN
=655  \7$aArtykuł z czasopisma filologicznego$2DBN
=658  \\$aLiteraturoznawstwo
=710  2\$aAteneum - Szkoła Wyższa (Gdańsk)$4oth
=773  0\$iW:$tForum Filologiczne Ateneum.$x2353-2912$g2020, t. 1, s. 299-311$w(PL)b0000003149580
=915  \\$aBZCz 2021/25271
=916  \\$aBiałek-Osses, Marta   
=921  2\$aAteneum - Szkoła Wyższa (Gdańsk)
=931  \\$a821.162.1(091)(045/046)
=946  \\$k2020
=955  \7$aArtykuł problemowy$2DBN
=955  \7$aArtykuł z czasopisma filologicznego$2DBN
=958  \\$aLiteraturoznawstwo
=980  \\$aArtykuły
=999  \\$aBNzkdbzcz$bsg$x05$y2021
  
