=LDR  02169naa a2200661 i 4500
=001  b1000000959502
=005  20211030064735.1
=008  210511s2021    pl            |0000 pol c
=009  9912073611905606
=015  \\$aPrasa 2021/05/11
=035  \\$a(PL)b1000000959502
=040  \\$aWA N$cWA N$dWA N
=045  2\$bd1900$bd2021
=046  \\$k2021
=100  1\$aAbramowicz, Marek A.$d(1945- )$eAutor
=245  10$aPożegnanie z ateizmem :$bprzekonanie Olgi Tokarczuk, że duchowa transcendencja jest immamentnym aspektem rzeczywistości, współbrzmi z przekonaniami wcale niemałej liczby współczesnych fizyków /$cprof. Marek Abramowicz.
=260  \\$c8-9 V 2021.
=336  \\$aTekst$btxt$2rdacontent
=337  \\$aBez urządzenia pośredniczącego$bn$2rdamedia
=338  \\$aWolumin$bnc$2rdacarrier
=380  \\$aArtykuły
=388  1\$a2001-
=600  17$aTokarczuk, Olga$d(1962- )$2DBN
=648  \7$a1801-1900$2DBN
=648  \7$a1901-2000$2DBN
=650  \7$aAteizm$2DBN
=650  \7$aFizyka$2DBN
=650  \7$aFizycy$2DBN
=650  \7$aLiteratura polska$2DBN
=650  \7$aMetafizyka$2DBN
=650  \7$aMaterializm$2DBN
=650  \7$aPisarze polscy$2DBN
=650  \7$aTematy i motywy$2DBN
=651  \7$aPolska$2DBN
=655  \7$aArtykuł publicystyczny$2DBN
=658  \\$aFilozofia i etyka
=658  \\$aFizyka i astronomia
=658  \\$aHistoria
=773  0\$iW:$tGazeta Wyborcza (Wyd. zasadnicze).$x0860-908X$g2021, nr 105, dod. Wolna Sobota, s. 33$w(PL)b0000001301576
=915  \\$aPrasa 2021/05/11
=916  \\$aAbramowicz, Marek A.   (1945- )
=945  2\$b1900$b2021
=946  \\$k2021
=951  \7$aPolska$2DBN
=955  \7$aArtykuł publicystyczny$2DBN
=958  \\$aFilozofia i etyka
=958  \\$aFizyka i astronomia
=958  \\$aHistoria
=980  \\$aArtykuły
=999  \\$aBNzkdprasa$bjkr
  
