=LDR  02001naa a2200601 i 4500
=001  b1000000963838
=005  20220204124036.4
=008  210514s2020    pl           |000 0 pol c
=009  9912076504705606
=015  \\$aBZCz 2021/29840
=035  \\$a(PL)b1000000963838
=040  \\$aWA N$cWA N$dWA N
=045  2\$bd2010$bd2015
=046  \\$k2020
=080  \\$81.1\x$a821.162.1(091)(045/046)
=100  1\$aByrska, Aleksandra$eAutor
=245  10$aUciec, zagrzebać się pod liśćmi /$cAleksandra Byrska.
=260  \\$c2020.
=336  \\$aTekst$btxt$2rdacontent
=337  \\$aBez urządzenia pośredniczącego$bn$2rdamedia
=338  \\$aWolumin$bnc$2rdacarrier
=380  \\$aArtykuły
=388  1\$a2001-
=504  \\$aBibliografia na stronie 69.
=600  17$aBolavá, Anna$d(1981- ).$tDo tmy$2DBN
=600  17$aFiedorczuk, Julia$d(1975- ).$tMedulla$2DBN
=648  \7$a2001-$2DBN
=650  \7$aLiteratura czeska$2DBN
=650  \7$aLiteratura polska$2DBN
=650  \7$aPowieść$2DBN
=650  \7$aRośliny$2DBN
=655  \7$aArtykuł z czasopisma o sztuce$2DBN
=655  \7$aArtykuł z czasopisma społeczno-kulturalnego$2DBN
=658  \\$aLiteraturoznawstwo
=773  0\$iW:$tFragile : pismo kulturalne.$x1899-4261$g2020, nr 1/2, s. 65-69$w(PL)b0000002166811
=915  \\$aBZCz 2021/29840
=916  \\$aByrska, Aleksandra   
=931  \\$a821.162.1(091)(045/046)
=945  2\$b2010$b2015
=946  \\$k2020
=955  \7$aArtykuł z czasopisma o sztuce$2DBN
=955  \7$aArtykuł z czasopisma społeczno-kulturalnego$2DBN
=958  \\$aLiteraturoznawstwo
=980  \\$aArtykuły
=999  \\$aBNzkdbzcz$bjor$x06$y2021
  
