=LDR  02120naa a2200577 i 4500
=001  b1000000978527
=005  20221005122359.7
=008  210601s2021    pl           |000 0 pol c
=009  9912081698005606
=015  \\$aBZCz 2021/29401
=035  \\$a(PL)b1000000978527
=040  \\$aWA N$cWA N$dWA N
=045  0\$b2021
=046  \\$k2021
=080  \\$a792(045/046)
=100  1\$aKowalska, Jolanta$c(dziennikarz)$eRecenzja
=245  10$aMelancholia podróży  /$cJolanta Kowalska.
=260  \\$c2021.
=336  \\$aTekst$btxt$2rdacontent
=337  \\$aBez urządzenia pośredniczącego$bn$2rdamedia
=338  \\$aWolumin$bnc$2rdacarrier
=380  \\$aArtykuły
=388  1\$a2001-
=520  8\$aZawiera recenzję przedstawienia: Bieguni  / Olga Tokarczuk ; reżyseria Michał Zadara  ; Teatr Powszechny im. Hübnera, Warszawa.
=600  17$aTokarczuk, Olga$d(1962- ).$tBieguni$2DBN
=610  27$aTeatr Powszechny im. Zygmunta Hübnera (Warszawa)$2DBN
=648  \7$a2001-$2DBN
=650  \7$aInscenizacja$2DBN
=651  \7$aWarszawa (woj. mazowieckie)$2DBN
=655  \7$aArtykuł z czasopisma teatralnego$2DBN
=658  \\$aKultura i sztuka
=773  0\$iW:$tTeatr (Warszawa ; 1958).$x0040-0769$g2021, nr 3, s. 64-65$w(PL)b0000001503544
=915  \\$aBZCz 2021/29401
=916  \\$aKowalska, Jolanta  (dziennikarz) 
=931  \\$a792(045/046)
=945  0\$b2021
=946  \\$k2021
=950  \\$uhttps://eu05.alma.exlibrisgroup.com/view/uresolver/48OMNIS_NETWORK/openurl?u.ignore_date_coverage=true&portfolio_pid=53706002410005066&Force_direct=true$zZobacz w Polonie$853706002410005066
=951  \7$aWarszawa (woj. mazowieckie)$2DBN
=955  \7$aArtykuł z czasopisma teatralnego$2DBN
=958  \\$aKultura i sztuka
=980  \\$aArtykuły
=999  \\$aBNzkdbzcz$bksl$x06$y2021
  
