=LDR  01826naa a2200493 i 4500
=001  b1000000982832
=005  20211030063941.3
=008  210608s2021    pl            000 0 pol c
=009  9912198615405606
=015  \\$aPrasa 2021/06/08
=035  \\$a(PL)b1000000982832
=040  \\$aWA M$cWA M$dWA N
=045  0\$bd2018
=046  \\$k2021
=100  1\$aUrban, Piotr Dariusz$eAutor
=245  10$aPrzepis na rewolucję :$bopowiadania Olgi Tokarczuk : w kontekście protestów, które przetoczyły się niedawno przez ulice polskich miast, można uznać opowiadanie polskiej noblistki za realizujący się na naszych oczach scenariusz rewolty społecznej, o jakiej marzy od dawna lewa strona sceny politycznej /$cPiotr Dariusz Urban.
=260  \\$c8-14 II 2021.
=336  \\$aTekst$btxt$2rdacontent
=337  \\$aBez urządzenia pośredniczącego$bn$2rdamedia
=338  \\$aWolumin$bnc$2rdacarrier
=380  \\$aArtykuły
=388  1\$a2001-
=600  17$aTokarczuk, Olga$d(1962- ).$tOpowiadania bizarne$2DBN
=648  \7$a2001-$2DBN
=650  \7$aLiteratura polska$2DBN
=650  \7$aOpowiadania i nowele$2DBN
=655  \7$aArtykuł publicystyczny$2DBN
=658  \\$aHistoria
=773  0\$iW:$tDo Rzeczy : tygodnik Lisickiego.$x2299-8500$g2021, nr 6, s. 20-21$w(PL)b0000002853238
=915  \\$aPrasa 2021/06/08
=916  \\$aUrban, Piotr Dariusz   
=945  0\$b2018
=946  \\$k2021
=955  \7$aArtykuł publicystyczny$2DBN
=958  \\$aHistoria
=980  \\$aArtykuły
=999  \\$aWA M$bBD
  
