=LDR  01871naa a2200553 a 4500
=001  b1000000983722
=005  20211030064500.8
=008  210609s2021    pl       o   |000 0 pol  
=009  9912199131905606
=015  \\$aPrasa 09/06/2021
=035  \\$a(PL)b1000000983722
=040  \\$aGD W$cGD W$dWA N
=045  0\$bd2021
=046  \\$k2021
=100  1\$aFryc, Katarzyna$d(1970- )$eRecenzja
=245  10$aPrawiek, czyli Intrygujący świat /$cKatarzyna Fryc.
=246  3\$aIntrygujący świat
=260  \\$c25 V 2021.
=336  \\$aTekst$btxt$2rdacontent
=337  \\$aBez urządzenia pośredniczącego$bn$2rdamedia
=338  \\$aWolumin$bnc$2rdacarrier
=380  \\$aArtykuły
=388  1\$a2001-
=520  8\$aZawiera recenzję przedstawienia "Prawiek i inne czasy" / Olga Tokarczuk ; inscenizacja Jacek Bała ; Teatr Miejski im. Witolda Gombrowicza w Gdyni.
=600  17$aBała, Jacek$2DBN
=610  27$aTeatr Miejski im. Witolda Gombrowicza (Gdynia)$2DBN
=648  \7$a2001-$2DBN
=650  \7$aInscenizacja$2DBN
=651  \7$aGdynia (woj. pomorskie)$2DBN
=655  \7$aArtykuł z czasopisma regionalnego i lokalnego$2DBN
=655  \7$aArtykuł z gazety$2DBN
=658  \\$aHistoria
=773  0\$iW:$tGazeta Wyborcza (Gdańsk).$g2021 nr 119, s. 3$w(PL)b0000001620427
=915  \\$aPrasa 09/06/2021
=916  \\$aFryc, Katarzyna   (1970- ).
=945  0\$b2021
=946  \\$k2021
=951  \7$aGdynia (woj. pomorskie)$2DBN
=955  \7$aArtykuł z czasopisma regionalnego i lokalnego$2DBN
=955  \7$aArtykuł z gazety$2DBN
=958  \\$aHistoria
=980  \\$aArtykuły
=999  \\$aGD W$beo
  
