=LDR  02083naa a2200649 i 4500
=001  b1000000986769
=005  20221103141200.3
=008  210611s2021    pl            000 0 pol c
=009  9912213851705606
=015  \\$aPrasa 2021/06/11
=035  \\$a(PL)b1000000986769
=040  \\$aŁ M$cŁ M$dWA N
=045  0\$bd2021
=046  \\$k2021
=100  1\$aWildstein, Dawid$d(1983- )$eAutor
=245  10$aJak Tokarczuk robi dobrze Putinowi /$cDawid Wildstein.
=260  \\$c9 VI 2021.
=336  \\$aTekst$btxt$2rdacontent
=337  \\$aBez urządzenia pośredniczącego$bn$2rdamedia
=338  \\$aWolumin$bnc$2rdacarrier
=380  \\$aArtykuły
=388  1\$a2001-
=600  17$aJachira, Klaudia$d(1988- )$2DBN
=600  17$aŁukaszenka, Alaksandr$d(1954- )$2DBN
=648  \7$a2001-$2DBN
=650  \7$aPisarze polscy$2DBN
=650  \7$aPolityka$2DBN
=650  \7$aPropaganda$2DBN
=650  \7$aPostawy$2DBN
=650  \7$aProtest społeczny$2DBN
=651  \7$aBiałoruś$2DBN
=651  \7$aPolska$2DBN
=655  \7$aArtykuł publicystyczny$2DBN
=658  \\$aLiteraturoznawstwo
=658  \\$aMedia i komunikacja społeczna
=773  0\$iW:$tGazeta Polska (Warszawa ; 1993).$x1230-4581.$g2021, nr 23, s. 42-43$w(PL)b0000001610037
=915  \\$aPrasa 2021/06/11
=916  \\$aWildstein, Dawid   (1983- )
=945  0\$b2021
=946  \\$k2021
=951  \7$aBiałoruś$2DBN
=951  \7$aPolska$2DBN
=955  \7$aArtykuł publicystyczny$2DBN
=958  \\$aLiteraturoznawstwo
=958  \\$aMedia i komunikacja społeczna
=980  \\$aArtykuły
=999  \\$aBNbzczp$bŁ M APP
  
