=LDR  01831naa a2200529 i 4500
=001  b1000000992265
=005  20211030064308.2
=008  210618s2021    pl            |0000 pol c 
=009  9912221311605606
=015  \\$aPrasa 2021/06/18
=035  \\$a(PL)b1000000992265
=040  \\$aGD W$cGD W$dWA N
=045  2\$bd2010$bd2021
=046  \\$k2021
=100  1\$aMarciniak, Ewelina$d(1984- )$eWywiad
=245  10$aBędzie dobrze i spokojnie /$cEwelina Marciniak ; rozmawiał Jacek Cieślak.
=260  \\$c19-20 VI 2021.
=336  \\$aTekst$btxt$2rdacontent
=337  \\$aBez urządzenia pośredniczącego$bn$2rdamedia
=338  \\$aWolumin$bnc$2rdacarrier
=380  \\$aArtykuły
=388  1\$a2001-
=600  17$aMarciniak, Ewelina$d(1984- )$2DBN
=600  17$aTokarczuk, Olga$d(1962- ).$tKsięgi Jakubowe albo Wielka podróż przez siedem granic, pięć języków i trzy duże religie, nie licząc tych małych$2DBN
=648  \7$a2001-$2DBN
=650  \7$aInscenizacja$2DBN
=650  \7$aReżyserzy polscy$2DBN
=650  \7$aTeatr niemiecki$2DBN
=655  \7$aArtykuł z gazety$2DBN
=658  \\$aKultura i sztuka
=700  1\$aCieślak, Jacek$eWywiad
=773  0\$iW:$tRzeczpospolita (Wyd. zasadnicze).$x0208-9130$g2021, nr 140, s. 26-27$w(PL)b0000001472831
=915  \\$aPrasa 2021/06/18
=916  \\$aMarciniak, Ewelina   (1984- ).
=918  1\$aCieślak, Jacek.
=945  2\$b2010$b2021
=946  \\$k2021
=955  \7$aArtykuł z gazety$2DBN
=958  \\$aKultura i sztuka
=980  \\$aArtykuły
=999  \\$aGD W$bij
  
