=LDR  02309naa a2200601 i 4500
=001  b1000001006117
=005  20220312174836.3
=008  210707s2019    pl           |000 0 pol c
=009  9912360355705606
=015  \\$aBZCz 2021/34397
=035  \\$a(PL)b1000001006117
=040  \\$aWA N$cWA N$dWA N
=046  \\$k2019
=080  \\$a821.162.1(091)(045/046)
=100  1\$aCroft, Jennifer$eWywiad
=245  10$aZnalezienie wydawcy zajęło mi dziesięć lat /$cz Jennifer Croft rozmawia Weronika Szwebs.
=260  \\$c2019.
=336  \\$aTekst$btxt$2rdacontent
=337  \\$aBez urządzenia pośredniczącego$bn$2rdamedia
=338  \\$aWolumin$bnc$2rdacarrier
=380  \\$aArtykuły
=388  1\$a2001-
=600  17$aCroft, Jennifer.$tHomesick$2DBN
=650  \7$aLiteratura amerykańska$2DBN
=650  \7$aLiteratura polska$2DBN
=651  \7$aStany Zjednoczone (USA)$2DBN
=655  \7$aArtykuł z czasopisma kulturalnego$2DBN
=655  \7$aArtykuł z czasopisma literackiego$2DBN
=655  \7$aArtykuł z czasopisma naukowego$2DBN
=655  \7$aArtykuł z czasopisma socjologicznego$2DBN
=658  \\$aLiteraturoznawstwo
=700  1\$aSzwebs, Weronika$eWywiad
=773  0\$iW:$tCzas Kultury : kultura, literatura, filozofia.$x0867-2148$gR. 35, nr 3 (2019), s. 105-106$w(PL)b0000001298076
=915  \\$aBZCz 2021/34397
=916  \\$aCroft, Jennifer   
=918  1\$aSzwebs, Weronika
=931  \\$a821.162.1(091)(045/046)
=946  \\$k2019
=950  \\$uhttps://eu.alma.exlibrisgroup.com/view/uresolver/48OMNIS_NETWORK/openurl?u.ignore_date_coverage=true&portfolio_pid=53706038080005066&Force_direct=true$zZobacz w Polonie$853706038080005066
=951  \7$aStany Zjednoczone (USA)$2DBN
=955  \7$aArtykuł z czasopisma kulturalnego$2DBN
=955  \7$aArtykuł z czasopisma literackiego$2DBN
=955  \7$aArtykuł z czasopisma naukowego$2DBN
=955  \7$aArtykuł z czasopisma socjologicznego$2DBN
=958  \\$aLiteraturoznawstwo
=980  \\$aArtykuły
=999  \\$aBNzkdbzcz$bjks$x07$y2021
  
