=LDR  02827naa a2200757 i 4500
=001  b1000001006122
=005  20220312174836.3
=008  210707s2019    pl           |000 0 pol c
=009  9912360355605606
=015  \\$aBZCz 2021/34387
=035  \\$a(PL)b1000001006122
=040  \\$aWA N$cWA N$dWA N
=041  0\$apol$beng
=045  2\$bd2006$bd2018
=046  \\$k2019
=080  \\$81.1\x$a821.162.1(091)(045/046)
=100  1\$aBogalecki, Piotr$d(1983- )$eAutor
=245  10$aPostsekularna katabaza :$bksiążeczka Olgi Tokarczuk /$cPiotr Bogalecki (Uniwersytet Śląski w Katowicach).
=246  30$aKsiążeczka Olgi Tokarczuk
=260  \\$c2019.
=336  \\$aTekst$btxt$2rdacontent
=337  \\$aBez urządzenia pośredniczącego$bn$2rdamedia
=338  \\$aWolumin$bnc$2rdacarrier
=380  \\$aArtykuły
=388  1\$a2001-
=504  \\$aBibliografia, netografia na stronach 114-115.
=546  \\$aStreszczenie w języku angielskim.
=600  07$aIsztar$c(bóstwo)$2DBN
=600  17$aNowak, Aleksander$d(1979- ).$tAhat ili$2DBN
=600  17$aTokarczuk, Olga$d(1962- ).$tAhat-ili$2DBN
=648  \7$a2001-$2DBN
=650  \7$aKorespondencja sztuk$2DBN
=650  \7$aLibretto$2DBN
=650  \7$aLiteratura polska$2DBN
=650  \7$aMitologia sumeryjska$2DBN
=655  \7$aArtykuł problemowy$2DBN
=655  \7$aArtykuł z czasopisma kulturalnego$2DBN
=655  \7$aArtykuł z czasopisma literackiego$2DBN
=655  \7$aArtykuł z czasopisma naukowego$2DBN
=658  \\$aKultura i sztuka
=710  2\$aUniwersytet Śląski$4oth
=773  0\$iW:$tCzas Kultury : kultura, literatura, filozofia.$x0867-2148$gR. 35, nr 3 (2019), s. 107-115$w(PL)b0000001298076
=915  \\$aBZCz 2021/34387
=916  \\$aBogalecki, Piotr   (1983- )
=921  2\$aUniwersytet Śląski
=931  \\$a821.162.1(091)(045/046)
=945  2\$b2006$b2018
=946  \\$k2019
=950  \\$uhttps://eu.alma.exlibrisgroup.com/view/uresolver/48OMNIS_NETWORK/openurl?u.ignore_date_coverage=true&portfolio_pid=53706039090005066&Force_direct=true$zZobacz w Polonie$853706039090005066
=955  \7$aArtykuł problemowy$2DBN
=955  \7$aArtykuł z czasopisma kulturalnego$2DBN
=955  \7$aArtykuł z czasopisma literackiego$2DBN
=955  \7$aArtykuł z czasopisma naukowego$2DBN
=958  \\$aKultura i sztuka
=980  \\$aArtykuły
=999  \\$aBNzkdbzcz$bjks$x07$y2021
  
