=LDR  02643naa a2200697 i 4500
=001  b1000001006126
=005  20220312174836.3
=008  210707s2019    pl           |000 0 pol c
=009  9912360355105606
=015  \\$aBZCz 2021/34390
=035  \\$a(PL)b1000001006126
=040  \\$aWA N$cWA N$dWA N
=041  0\$apol$beng
=045  2\$bd1993$bd2014
=046  \\$k2019
=080  \\$a821.162.1(091)(045/046)
=100  1\$aBurszta, Wojciech J.$d(1957-2021)$eAutor
=245  10$aNomadyzm Olgi Tokarczuk /$cWojciech Józef Burszta (Instytut Nauk Humanistycznych. SWPS Uniwersytet Humanistyczny).
=260  \\$c2019.
=336  \\$aTekst$btxt$2rdacontent
=337  \\$aBez urządzenia pośredniczącego$bn$2rdamedia
=338  \\$aWolumin$bnc$2rdacarrier
=380  \\$aArtykuły
=388  1\$a2001-
=504  \\$aBibliografia, netografia na stronie 120.
=546  \\$aStreszczenie w języku angielskim.
=600  17$aTokarczuk, Olga$d(1962- )$2DBN
=648  \7$a1901-2000$2DBN
=648  \7$a1989-2000$2DBN
=650  \7$aKhôra (filozofia)$2DBN
=650  \7$aLiteratura polska$2DBN
=650  \7$aMit$2DBN
=650  \7$aNomadyzm (antropologia kulturowa)$2DBN
=650  \7$aLiteratura podróżnicza$2DBN
=655  \7$aArtykuł problemowy$2DBN
=655  \7$aArtykuł z czasopisma kulturalnego$2DBN
=655  \7$aArtykuł z czasopisma literackiego$2DBN
=655  \7$aArtykuł z czasopisma naukowego$2DBN
=658  \\$aLiteraturoznawstwo
=710  2\$aInstytut Nauk Humanistycznych (Uniwersytet SWPS)$4oth
=773  0\$iW:$tCzas Kultury : kultura, literatura, filozofia.$x0867-2148$gR. 35, nr 3 (2019), s. 116-120$w(PL)b0000001298076
=915  \\$aBZCz 2021/34390
=916  \\$aBurszta, Wojciech J.   (1957-2021)
=921  2\$aInstytut Nauk Humanistycznych (Uniwersytet SWPS)
=931  \\$a821.162.1(091)(045/046)
=945  2\$b1993$b2014
=946  \\$k2019
=950  \\$uhttps://eu.alma.exlibrisgroup.com/view/uresolver/48OMNIS_NETWORK/openurl?u.ignore_date_coverage=true&portfolio_pid=53706009880005066&Force_direct=true$zZobacz w Polonie$853706009880005066
=955  \7$aArtykuł problemowy$2DBN
=955  \7$aArtykuł z czasopisma kulturalnego$2DBN
=955  \7$aArtykuł z czasopisma literackiego$2DBN
=955  \7$aArtykuł z czasopisma naukowego$2DBN
=958  \\$aLiteraturoznawstwo
=980  \\$aArtykuły
=999  \\$aBNzkdbzcz$bjks$x07$y2021
  
