=LDR  02887naa a2200709 i 4500
=001  b1000001006127
=005  20220312174836.3
=008  210707s2019    pl           |000 0 pol c
=009  9912360354905606
=015  \\$aBZCz 2021/34440
=035  \\$a(PL)b1000001006127
=040  \\$aWA N$cWA N$dWA N
=041  0\$apol$beng
=045  0\$bd2007
=046  \\$k2019
=080  \\$a821.162.1(091)(045/046)
=100  1\$aHoffmann, Krzysztof$d(1983- )$eAutor
=245  10$aZawsze ku, nie od–do :$beksperyment, podróż i dekonstrukcja w "Biegunach" Olgi Tokarczuk /$cKrzysztof Hoffmann (Wydział Filologii Polskiej i Klasycznej Uniwersytetu im. Adama Mickiewicza w Poznaniu).
=246  30$aEksperyment, podróż i dekonstrukcja w "Biegunach" Olgi Tokarczuk
=260  \\$c2019.
=336  \\$aTekst$btxt$2rdacontent
=337  \\$aBez urządzenia pośredniczącego$bn$2rdamedia
=338  \\$aWolumin$bnc$2rdacarrier
=380  \\$aArtykuły
=388  1\$a2001-
=504  \\$aBibliografia, netografia na stronie 127.
=546  \\$aStreszczenie w języku angielskim.
=600  17$aTokarczuk, Olga$d(1962- ).$tBieguni$2DBN
=648  \7$a2001-$2DBN
=650  \7$aDekonstrukcja (filozofia)$2DBN
=650  \7$aEksperymenty$2DBN
=650  \7$aInność$2DBN
=650  \7$aKatastrofy$2DBN
=650  \7$aLiteratura polska$2DBN
=650  \7$aLiteratura podróżnicza$2DBN
=650  \7$aTematy i motywy$2DBN
=655  \7$aArtykuł problemowy$2DBN
=655  \7$aArtykuł z czasopisma kulturalnego$2DBN
=655  \7$aArtykuł z czasopisma literackiego$2DBN
=655  \7$aArtykuł z czasopisma naukowego$2DBN
=658  \\$aLiteraturoznawstwo
=710  2\$aWydział Filologii Polskiej i Klasycznej (Uniwersytet im. Adama Mickiewicza ; Poznań)$4oth
=773  0\$iW:$tCzas Kultury : kultura, literatura, filozofia.$x0867-2148$gR. 35, nr 3 (2019), s. 121-127$w(PL)b0000001298076
=915  \\$aBZCz 2021/34440
=916  \\$aHoffmann, Krzysztof   (1983- )
=921  2\$aWydział Filologii Polskiej i Klasycznej (Uniwersytet im. Adama Mickiewicza ; Poznań)
=931  \\$a821.162.1(091)(045/046)
=945  0\$b2007
=946  \\$k2019
=950  \\$uhttps://eu.alma.exlibrisgroup.com/view/uresolver/48OMNIS_NETWORK/openurl?u.ignore_date_coverage=true&portfolio_pid=53706026020005066&Force_direct=true$zZobacz w Polonie$853706026020005066
=955  \7$aArtykuł problemowy$2DBN
=955  \7$aArtykuł z czasopisma kulturalnego$2DBN
=955  \7$aArtykuł z czasopisma literackiego$2DBN
=955  \7$aArtykuł z czasopisma naukowego$2DBN
=958  \\$aLiteraturoznawstwo
=980  \\$aArtykuły
=999  \\$aBNzkdbzcz$bjks$x07$y2021
  
