=LDR  01991naa a2200553 i 4500
=001  b1000001009537
=005  20221110164518.5
=008  210712s2020    pl           |000 e pol c
=009  9912365825505606
=015  \\$aBZCz 2021/34429
=035  \\$a(PL)b1000001009537
=040  \\$aWA N$cWA N$dWA N
=045  0\$bd2020
=046  \\$k2020
=080  \\$a821.162.1(091)(045/046)
=100  1\$aGoźliński, Paweł$d(1971- )$eAutor
=245  10$aCzłowiek ma ciało, duszę i narratora :$bpierwsza po Noblu /$cPaweł Goźliński.
=260  \\$c2020.
=336  \\$aTekst$btxt$2rdacontent
=337  \\$aBez urządzenia pośredniczącego$bn$2rdamedia
=338  \\$aWolumin$bnc$2rdacarrier
=380  \\$aArtykuły
=388  1\$a2001-
=520  8\$aO książce Olgi Tokarczuk "Czuły narrator".
=600  17$aTokarczuk, Olga$d(1962- ).$tCzuły narrator$2DBN
=648  \7$a2001-$2DBN
=650  \7$aAntologia$2DBN
=650  \7$aEsej$2DBN
=650  \7$aLiteratura$2DBN
=655  \7$aArtykuł z czasopisma literackiego$2DBN
=655  \7$aArtykuł z czasopisma społeczno-kulturalnego$2DBN
=658  \\$aLiteraturoznawstwo
=773  0\$iW:$tKsiążki (Warszawa ; 2011).$x2083-3881$g2020, nr 6, s. 113$w(PL)b0000002644843
=915  \\$aBZCz 2021/34429
=916  \\$aGoźliński, Paweł   (1971- )
=931  \\$a821.162.1(091)(045/046)
=945  0\$b2020
=946  \\$k2020
=950  \\$uhttps://eu05.alma.exlibrisgroup.com/view/uresolver/48OMNIS_NETWORK/openurl?u.ignore_date_coverage=true&portfolio_pid=53706063740005066&Force_direct=true$zZobacz w Polonie$853706063740005066
=955  \7$aArtykuł z czasopisma literackiego$2DBN
=955  \7$aArtykuł z czasopisma społeczno-kulturalnego$2DBN
=958  \\$aLiteraturoznawstwo
=980  \\$aArtykuły
=999  \\$aBNzkdbzcz$bans$x07$y2021
  
