=LDR  01775naa a2200541 i 4500
=001  b1000001012876
=005  20211030063903.9
=008  210715s2021    pl            000 0 pol c
=009  9912368296005606
=015  \\$aPrasa 2021/07/15
=035  \\$a(PL)b1000001012876
=040  \\$aWA N$cWA N$dWA N
=045  0\$bd2021
=046  \\$k2021
=100  1\$aSkąpski, Rafał$d(1951- )$eAutor
=245  10$aCzytać, nie czytać? /$cRafał Skąpski.
=260  \\$c12-13 VII 2021.
=336  \\$aTekst$btxt$2rdacontent
=337  \\$aBez urządzenia pośredniczącego$bn$2rdamedia
=338  \\$aWolumin$bnc$2rdacarrier
=380  \\$aArtykuły
=388  1\$a2001-
=600  17$aTokarczuk, Olga$d(1962- )$2DBN
=610  27$aFundacja Olgi Tokarczuk$2DBN
=648  \7$a2001-$2DBN
=650  \7$aCzytanie$2DBN
=651  \7$aPolska$2DBN
=655  \7$aArtykuł z czasopisma społeczno-politycznego$2DBN
=655  \7$aArtykuł publicystyczny$2DBN
=658  \\$aBibliotekarstwo, archiwistyka, muzealnictwo
=773  0\$iW:$tDziennik Trybuna.$x2300-3197$g2021, nr 136/137, s. 5$w(PL)b0000002890472
=915  \\$aPrasa 2021/07/15
=916  \\$aSkąpski, Rafał   (1951- )
=945  0\$b2021
=946  \\$k2021
=951  \7$aPolska$2DBN
=955  \7$aArtykuł z czasopisma społeczno-politycznego$2DBN
=955  \7$aArtykuł publicystyczny$2DBN
=958  \\$aBibliotekarstwo, archiwistyka, muzealnictwo
=980  \\$aArtykuły
=999  \\$aBNzkdprasa$bmp
  
