=LDR  02032naa a2200541 i 4500
=001  b1000001017151
=005  20211030064556.8
=008  210721s2020    pl           |000 0 pol c
=009  9912373405905606
=035  \\$a(PL)b1000001017151
=040  \\$aWA N$cWA N$dWA N
=041  0\$apol$beng
=045  0\$bd2015
=046  \\$k2020
=080  \\$a821.162.1(091)(045/046)
=100  1\$aMaciejewska, Iwona$c(filolog)$eAutor
=245  10$aNaukowy i literacki portret saskiego encyklopedysty Benedykta Chmielowskiego  /$cIwona Maciejewska (Uniwersytet Warmińsko-Mazurski w Olsztynie).
=260  \\$c2020.
=336  \\$aTekst$btxt$2rdacontent
=337  \\$aBez urządzenia pośredniczącego$bn$2rdamedia
=338  \\$aWolumin$bnc$2rdacarrier
=380  \\$aArtykuły
=388  1\$a2001-
=504  \\$aBibliografia na stronach 445-447.
=546  \\$aStreszczenie w języku angielskim.
=600  17$aChmielowski, Benedykt$d(1700-1763)$2DBN
=648  \7$a2001-$2DBN
=650  \7$aLiteratura polska$2DBN
=650  \7$aPowieść$2DBN
=655  \7$aArtykuł problemowy$2DBN
=658  \\$aLiteraturoznawstwo
=710  2\$aUniwersytet Warmińsko-Mazurski (Olsztyn)$4oth
=773  0\$iW:$tFons omnis honesti : o literaturze w służbie wartości : tradycja antyczna, kultura ziemiańska, encyklopedyzm i komunikacja$gs. 433-447$w(PL)b1000000983097
=916  \\$aMaciejewska, Iwona  (filolog) 
=921  2\$aUniwersytet Warmińsko-Mazurski (Olsztyn)
=931  \\$a821.162.1(091)(045/046)
=945  0\$b2015
=946  \\$k2020
=955  \7$aArtykuł problemowy$2DBN
=958  \\$aLiteraturoznawstwo
=980  \\$aArtykuły
=999  \\$aBNzkdroz$brs
  
