=LDR  02142naa a2200673 i 4500
=001  b1000001020951
=005  20211030063805.1
=008  210727s2020    pl           |000 0 pol c
=009  9912388427205606
=015  \\$aBZCz 2021/34446
=024  7\$a10.24425/rl.2020.135908$2doi
=035  \\$a(PL)b1000001020951
=040  \\$aWA N$cWA N$dWA N
=041  \\$apol$beng
=045  2\$bd1962$bd2020
=046  \\$k2020
=080  \\$81.1\x$a821.162.1(091)(045/046)
=100  1\$aJarzyńska, Karina$d(1983- )$eAutor
=245  10$aWywoływanie duszy :$bOlgi Tokarczuk gra na wielu religiach /$cKarina Jarzyńska.
=260  \\$c2020.
=336  \\$aTekst$btxt$2rdacontent
=337  \\$aBez urządzenia pośredniczącego$bn$2rdamedia
=338  \\$aWolumin$bnc$2rdacarrier
=380  \\$aArtykuły
=388  1\$a2001-
=546  \\$aStreszczenie w języku angielskim.
=600  17$aTokarczuk, Olga$d(1962- )$2DBN
=648  \7$a1901-2000$2DBN
=648  \7$a1945-1989$2DBN
=648  \7$a1989-2000$2DBN
=650  \7$aLiteratura polska$2DBN
=650  \7$aPisarze polscy$2DBN
=650  \7$aPostsekularyzm$2DBN
=650  \7$aReligia$2DBN
=650  \7$aTematy i motywy$2DBN
=655  \7$aArtykuł problemowy$2DBN
=655  \7$aArtykuł z czasopisma filologicznego$2DBN
=658  \\$aLiteraturoznawstwo
=773  0\$iW:$tRuch Literacki (Kraków).$x0035-9602.$gR. 61, z. 5 (2020), s. 505-528$w(PL)b0000001543746
=915  \\$aBZCz 2021/34446
=916  \\$aJarzyńska, Karina   (1983- )
=931  \\$a821.162.1(091)(045/046)
=945  2\$b1962$b2020
=946  \\$k2020
=955  \7$aArtykuł problemowy$2DBN
=955  \7$aArtykuł z czasopisma filologicznego$2DBN
=958  \\$aLiteraturoznawstwo
=980  \\$aArtykuły
=999  \\$aBNzkdbzcz$bans$x07$y2021
  
