=LDR  02689naa a2200805 i 4500
=001  b1000001041498
=005  20211030064250.1
=008  210826s2021    pl            000 0 pol c
=009  9912405799505606
=015  \\$aPrasa 2021/08/26
=035  \\$a(PL)b1000001041498
=040  \\$aZAM 001$cZAM 001$dWA N
=045  2\$bd1939$bd2021
=046  \\$k2021
=100  1\$aMiszalski, Marian$d(1948- )$eAutor
=245  10$aNie będzie styku – nie będzie iskrzyć /$cMarian Miszalski.
=260  \\$c19 VII - 1 VIII 2021.
=336  \\$aTekst$btxt$2rdacontent
=337  \\$aBez urządzenia pośredniczącego$bn$2rdamedia
=338  \\$aWolumin$bnc$2rdacarrier
=380  \\$aArtykuły
=388  1\$a2001-
=600  17$aLapid, Yair$d(1963- )$2DBN
=648  \7$a1901-2000$2DBN
=648  \7$a1939-1945$2DBN
=648  \7$a1989-2000$2DBN
=650  \7$aAntypolonizm$2DBN
=650  \7$aBezpieczeństwo narodowe$2DBN
=650  \7$aGmina żydowska$2DBN
=650  \7$aHolokaust$2DBN
=650  \7$aLiteracka Nagroda Nobla$2DBN
=650  \7$aPolityka$2DBN
=650  \7$aPrawodawstwo$2DBN
=650  \7$aRasizm$2DBN
=650  \7$aRoszczenie$2DBN
=650  \7$aRząd Mateusza Morawieckiego (2019- )$2DBN
=650  \7$aStosunki dyplomatyczne$2DBN
=650  \7$aŚwiadomość społeczna$2DBN
=651  \7$aIzrael$2DBN
=651  \7$aPolska$2DBN
=655  \7$aArtykuł publicystyczny$2DBN
=655  \7$aArtykuł z czasopisma społeczno-politycznego$2DBN
=658  \\$aHistoria
=658  \\$aPolityka, politologia, administracja publiczna
=658  \\$aPrawo i wymiar sprawiedliwości
=773  0\$iW:$tNajwyższy Czas! : pismo konserwatywno-liberalne.$x0867-0366$g2021, nr 29/30, s. XVI-XVII$w(PL)b0000001101197
=915  \\$aPrasa 2021/08/26
=916  \\$aMiszalski, Marian   (1948- ).
=945  2\$b1939$b2021
=946  \\$k2021
=951  \7$aIzrael$2DBN
=951  \7$aPolska$2DBN
=955  \7$aArtykuł publicystyczny$2DBN
=955  \7$aArtykuł z czasopisma społeczno-politycznego$2DBN
=958  \\$aHistoria
=958  \\$aPolityka, politologia, administracja publiczna
=958  \\$aPrawo i wymiar sprawiedliwości
=980  \\$aArtykuły
=999  \\$aZAM 001$bAK
  
