=LDR  03402nam a2200817 i 4500
=001  b1000001053235
=005  20220823164544.9
=008  210913s2021    pl d         |000 0 pol c
=009  9912420987205606
=015  \\$aUWD 2021/29162
=020  \\$a9788323349792$q(oprawa miękka)
=035  \\$a(PL)b1000001053235
=040  \\$aWA N$cWA N$dWA N$dKR U$dWA N$dLUBL KUL
=041  1\$apol$aeng$hpol
=046  \\$k2021
=080  \\$81.1\x$a821.162.1(091)-5"20"
=084  \\$a01
=100  1\$aKajtoch, Wojciech$d(1957- ).$eAutor
=245  10$aWykład wykładu :$brzecz o mowie noblowskiej Olgi Tokarczuk = The lecture about a lecture : on Olga Tokarczuk's Nobel speech /$cWojciech Kajtoch ; [translated by Agata Nowakowska].
=246  0\$aRzecz o mowie noblowskiej Olgi Tokarczuk
=250  \\$aWydanie I.
=260  \\$aKraków :$bWydawnictwo Uniwersytetu Jagiellońskiego,$c2021.
=300  \\$a89, [1] strona :$bwykres ;$c22 cm.
=336  \\$aTekst$btxt$2rdacontent
=337  \\$aBez urządzenia pośredniczącego$bn$2rdamedia
=338  \\$aWolumin$bnc$2rdacarrier
=380  \\$aKsiążki
=388  1\$a2001-
=490  1\$aDziennikarstwo, Media i Komunikacja Społeczna
=504  \\$aBibliografia na stronach 87-89.
=536  \\$aWspółfinansowanie: Instytut Dziennikarstwa, Mediów i Komunikacji Społecznej (Uniwersytet Jagielloński)
=546  \\$aTekst równololegle w języku polskim i w przekładzie angielskim.
=600  17$aTokarczuk, Olga$d(1962- )$2DBN
=650  \7$aAnaliza i interpretacja$2DBN
=650  \7$aLiteracka Nagroda Nobla$2DBN
=650  \7$aLiteratura polska$2DBN
=650  \7$aMowy$2DBN
=655  \7$aOpracowanie$2DBN
=658  \\$aLiteraturoznawstwo
=700  1\$aNowakowska, Agata.$eTłumaczenie
=710  2\$aWydawnictwo Uniwersytetu Jagiellońskiego$eWydawca$4pbl
=830  \0$aDziennikarstwo i Komunikacja Społeczna (Wydawnictwo Uniwersytetu Jagiellońskiego)
=852  \\$822699401880005066$j1$h3.582.033$bBN_PL$p30001031028781$cbk8
=852  \\$822699401910005066$j1$h3.166.937 A$bBN_PL$p30001031028798$cbk1
=852  \\$822334763330006831$j1$h730073 II$bBuKul$p1001389623$cBG_Magazyn
=852  \\$822600157940005067$j1$h102492$bBWP$p1807073009$cBWP_K
=852  \\$822581948810005067$j1$hB 852623 II$bBJ$p1003025612$cBJ_MAG
=852  \\$822581948870005067$j1$h1.007.293 II A$bBJ$p1003025614$cBJ_EGZ_A
=852  \\$822397159220006926$j1$hEls.o|Tokarczuk O./Kajtoch, Wojciech/Wyk/2021$bTORU$p300052009745$cLiterat_bg
=910  \\$a730073 II$b21/4233/eo$9local$z48OMNIS_KUL
=915  \\$aUWD 2021/29162
=916  \\$aKajtoch, Wojciech   (1957- ).
=918  1\$aNowakowska, Agata.
=920  \\$a978-83-233-4979-2 (oprawa miękka)
=921  2\$aWydawnictwo Uniwersytetu Jagiellońskiego.
=923  \\$aWydawnictwo Uniwersytetu Jagiellońskiego.
=931  \\$a821.162.1(091)-5"20"
=946  \\$k2021
=955  \7$aOpracowanie$2DBN
=958  \\$aLiteraturoznawstwo
=980  \\$aKsiążki
=999  \\$aBNzkdeo$bmn$xuwd37$y21
  
