=LDR  01812naa a2200529 i 4500
=001  b1000001054240
=005  20211030064617.5
=008  210914s2019    pl           |000 0 spa c
=009  9912422791605606
=035  \\$a(PL)b1000001054240
=040  \\$aWA N$cWA N$dWA N
=045  0\$bd2018
=046  \\$k2019
=080  \\$a821.162.1(091)(045/046)
=245  03$aLa vos bizzaro y sus insólitas fortunas literarias  /$cBeata Baczyńska (Uniwersytet Wrocławski), Monika Głowicka (Uniwersytet Wrocławski).
=260  \\$c2019.
=336  \\$aTekst$btxt$2rdacontent
=337  \\$aBez urządzenia pośredniczącego$bn$2rdamedia
=338  \\$aWolumin$bnc$2rdacarrier
=380  \\$aArtykuły
=388  1\$a2001-
=504  \\$aBibliografia na stronach 398-400.
=600  17$aTokarczuk, Olga$d(1962- ).$tOpowiadania bizarne$2DBN
=648  \7$a2001-$2DBN
=650  \7$aJęzyki romańskie$2DBN
=650  \7$aLiteratura polska$2DBN
=655  \7$aArtykuł problemowy$2DBN
=658  \\$aLiteraturoznawstwo
=700  1\$aBaczyńska, Beata$d(1963- )$eAutor
=710  2\$aUniwersytet Wrocławski$4oth
=773  0\$iW:$tVoces dialogantes : estudios en homenaje al profesor Wiaczesław Nowikow.$gS. 389-400$w(PL)b1000000685685
=918  1\$aBaczyńska, Beata$d(1963- )
=921  2\$aUniwersytet Wrocławski
=931  \\$a821.162.1(091)(045/046)
=945  0\$b2018
=946  \\$k2019
=955  \7$aArtykuł problemowy$2DBN
=958  \\$aLiteraturoznawstwo
=980  \\$aArtykuły
=999  \\$aBNzkdroz$bsg
  
