=LDR  02039naa a2200553 i 4500
=001  b1000001067213
=005  20220929122609.6
=008  210930s2019    pl           |000 0 pol c
=009  9912428583905606
=015  \\$aBZCz 2021/44720
=035  \\$a(PL)b1000001067213
=040  \\$aWA N$cWA N$dWA N
=045  0\$bd2017
=046  \\$k2019
=080  \\$a821.162.1(091)(045/046)
=100  1\$aPolus, Anna$eAutor
=245  10$aOlga Tokarczuk w Bibliotece Norwida - relacja ze spotkania 30 marca 2017 roku /$cAnna Polus.
=260  \\$c2019.
=336  \\$aTekst$btxt$2rdacontent
=337  \\$aBez urządzenia pośredniczącego$bn$2rdamedia
=338  \\$aWolumin$bnc$2rdacarrier
=380  \\$aArtykuły
=388  1\$a2001-
=600  17$aTokarczuk, Olga$d(1962- )$2DBN
=610  27$aWojewódzka i Miejska Biblioteka Publiczna im. Cypriana Norwida (Zielona Góra)$2DBN
=648  \7$a2001-$2DBN
=650  \7$aImprezy literackie$2DBN
=650  \7$aLiteratura polska$2DBN
=650  \7$aPisarze polscy$2DBN
=651  \7$aZielona Góra (woj. lubuskie)$2DBN
=655  \7$aArtykuł z czasopisma literackiego$2DBN
=658  \\$aLiteraturoznawstwo
=773  0\$iW:$tPro Libris : lubuskie pismo literacko-kulturalne.$x1642-5995$g2019, nr 3/4, s. 79-88$w(PL)b0000001466410
=915  \\$aBZCz 2021/44720
=916  \\$aPolus, Anna   
=931  \\$a821.162.1(091)(045/046)
=945  0\$b2017
=946  \\$k2019
=950  \\$uhttps://eu05.alma.exlibrisgroup.com/view/uresolver/48OMNIS_NETWORK/openurl?u.ignore_date_coverage=true&portfolio_pid=53706324880005066&Force_direct=true$zZobacz w Polonie$853706324880005066
=951  \7$aZielona Góra (woj. lubuskie)$2DBN
=955  \7$aArtykuł z czasopisma literackiego$2DBN
=958  \\$aLiteraturoznawstwo
=980  \\$aArtykuły
=999  \\$aBNzkdbzcz$bjjk$x09$y2021
  
