=LDR  01802naa a2200565 i 4500
=001  b1000001069707
=005  20211030063537.3
=008  211005s2021    gw           |000 0 ger c
=009  9912429395105606
=015  \\$aPZ 2021
=035  \\$a(PL)b1000001069707
=040  \\$aWA N$cWA N$dWA N
=045  0\$bd1996
=046  \\$k2021
=080  \\$a821.162.1(091)(0.054)
=100  1\$aSzóstak, Anna$d(1965- )$eAutor
=245  10$aFremdheit und (Un)Vertrautheit in Olga Tokarczuks "Ur und andere Zeiten" /$cAnna Szóstak.
=260  \\$c2021.
=336  \\$aTekst$btxt$2rdacontent
=337  \\$aBez urządzenia pośredniczącego$bn$2rdamedia
=338  \\$aWolumin$bnc$2rdacarrier
=380  \\$aArtykuły
=388  1\$a2001-
=504  \\$aBibliografia na stronie 220.
=600  17$aTokarczuk, Olga$d(1962- ).$tPrawiek i inne czasy$2DBN
=648  \7$a1901-2000$2DBN
=650  \7$aCzas$2DBN
=650  \7$aInność$2DBN
=650  \7$aLiteratura polska$2DBN
=650  \7$aMieszkańcy wsi$2DBN
=650  \7$aMit$2DBN
=650  \7$aPowieść$2DBN
=655  \7$aArtykuł problemowy$2DBN
=658  \\$aLiteraturoznawstwo
=773  0\$iW:$tFremdes zwischen Teilhabe und Distanz : Fluktuationen von (Nicht-)Zugehörigkeiten in Sprache, Literatur und Kultur. T. 2.$gS. 211-220$w(PL)b1000001051044
=915  \\$aPZ 2021
=916  \\$aSzóstak, Anna   (1965- ).
=931  \\$a821.162.1(091)(0.054)
=945  0\$b1996
=946  \\$k2021
=955  \7$aArtykuł problemowy$2DBN
=958  \\$aLiteraturoznawstwo
=980  \\$aArtykuły
=999  \\$aBNzkdroz$blsz
  
