=LDR  02026naa a2200553 i 4500
=001  b1000001076527
=005  20220312174836.3
=008  211013s2021    pl       o   |000 0 pol c
=009  9912443381305606
=015  \\$aBZCz 2021/52728
=035  \\$a(PL)b1000001076527
=040  \\$aWA N$cWA N$dWA N
=045  2\$bd2020
=046  \\$k2021
=080  \\$a821.162.1(091)(045/046)
=100  1\$aSarnecka, Joanna$d(1975- )$eRecenzja
=245  10$aCzuły narrator w podróży do czytelnika /$cJoanna Sarnecka.
=260  \\$c2021.
=336  \\$aTekst$btxt$2rdacontent
=337  \\$aBez urządzenia pośredniczącego$bn$2rdamedia
=338  \\$aWolumin$bnc$2rdacarrier
=380  \\$aArtykuły
=388  1\$a2001-
=520  8\$aZawiera recenzję książki: Czuły narrator / Olga Tokarczuk. - Kraków, 2020.
=600  17$aTokarczuk, Olga$d(1962- ).$tCzuły narrator$2DBN
=648  \7$a2001-$2DBN
=650  \7$aAntologia$2DBN
=650  \7$aEsej$2DBN
=650  \7$aLiteratura polska$2DBN
=655  \7$aArtykuł z czasopisma literackiego$2DBN
=655  \7$aArtykuł z czasopisma naukowego$2DBN
=658  \\$aLiteraturoznawstwo
=773  0\$iW:$tFraza : pismo literacko-społeczne.$x1230-4832.$gR. 29, nr 1/2 (2021), s. 331-334$w(PL)b0000001301036
=915  \\$aBZCz 2021/52728
=916  \\$aSarnecka, Joanna   (1975- )
=931  \\$a821.162.1(091)(045/046)
=945  2\$b2020
=946  \\$k2021
=950  \\$uhttps://eu.alma.exlibrisgroup.com/view/uresolver/48OMNIS_NETWORK/openurl?u.ignore_date_coverage=true&portfolio_pid=53706433550005066&Force_direct=true$zZobacz w Polonie$853706433550005066
=955  \7$aArtykuł z czasopisma literackiego$2DBN
=955  \7$aArtykuł z czasopisma naukowego$2DBN
=958  \\$aLiteraturoznawstwo
=980  \\$aArtykuły
=999  \\$aBNzkdbzcz$brs$x10$y2021
  
