=LDR  02103naa a2200577 i 4500
=001  b1000001076725
=005  20220929122606.9
=008  211013s2021    pl           |000 0 pol c
=009  9912443273905606
=015  \\$aBZCz 2021/52739
=035  \\$a(PL)b1000001076725
=040  \\$aWA N$cWA N$dWA N
=041  0\$apol$beng
=046  \\$k2021
=080  \\$a821.162.1(091)(045/046)
=100  1\$aSławkowa, Ewa$eAutor
=245  10$aUnus Mundus :$bczłowiek i natura w języku prozy Olgi Tokarczuk /$cEwa Sławkowa (Uniwersytet Śląski).
=246  30$aCzłowiek i natura w języku prozy Olgi Tokarczuk
=260  \\$c2021.
=336  \\$aTekst$btxt$2rdacontent
=337  \\$aBez urządzenia pośredniczącego$bn$2rdamedia
=338  \\$aWolumin$bnc$2rdacarrier
=380  \\$aArtykuły
=388  1\$a2001-
=504  \\$aBibliografia na stronach 83-84.
=546  \\$aStreszczenie w języku angielskim.
=600  17$aTokarczuk, Olga$d(1962- )$2DBN
=650  \7$aLiteratura polska$2DBN
=650  \7$aPosthumanizm$2DBN
=650  \7$aProza$2DBN
=655  \7$aArtykuł problemowy$2DBN
=655  \7$aArtykuł z czasopisma filologicznego$2DBN
=658  \\$aLiteraturoznawstwo
=710  2\$aUniwersytet Śląski$4oth
=773  0\$iW:$tPoradnik Językowy (Kraków ; 1919).$x0551-5343$g2021, z. 3, s. 73-84$w(PL)b0000001298427
=915  \\$aBZCz 2021/52739
=916  \\$aSławkowa, Ewa   
=921  2\$aUniwersytet Śląski
=931  \\$a821.162.1(091)(045/046)
=946  \\$k2021
=950  \\$uhttps://eu05.alma.exlibrisgroup.com/view/uresolver/48OMNIS_NETWORK/openurl?u.ignore_date_coverage=true&portfolio_pid=53706740010005066&Force_direct=true$zZobacz w Polonie$853706740010005066
=955  \7$aArtykuł problemowy$2DBN
=955  \7$aArtykuł z czasopisma filologicznego$2DBN
=958  \\$aLiteraturoznawstwo
=980  \\$aArtykuły
=999  \\$aBNzkdbzcz$bsg$x10$y2021
  
