=LDR  01907naa a2200505 i 4500
=001  b1000001094539
=005  20220928133420.6
=008  211105s2021    pl           |000 j pol c
=009  9912455795005606
=015  \\$aBZCz 2021/61226
=035  \\$a(PL)b1000001094539
=040  \\$aWA N$cWA N$dWA N
=046  \\$k2021$o2019$p2020
=080  \\$a821.162.1-1/-9(045/046)
=100  1\$aCzerniawski, Adam$d(1934- )$eAutor
=245  10$aProza /$cAdam Czerniawski.
=260  \\$c2021.
=336  \\$aTekst$btxt$2rdacontent
=337  \\$aBez urządzenia pośredniczącego$bn$2rdamedia
=338  \\$aWolumin$bnc$2rdacarrier
=380  \\$aArtykuły
=386  \\$mPrzynależność kulturowa$aLiteratura polska
=388  1\$a2001-
=505  0\$aAmour de voyages ; Olga Tokarczuk na zamku.
=600  17$aTokarczuk, Olga$d(1962- )$2DBN
=655  \7$aArtykuł z czasopisma społeczno-kulturalnego$2DBN
=700  12$aCzerniawski, Adam$d(1934- ).$tAmour de voyages
=773  0\$iW:$tŚląsk : miesięcznik społeczno-kulturalny.$x1425-3917.$gR. 26[27], nr 9 (2021), s. 44-45$w(PL)b0000001101969
=915  \\$aBZCz 2021/61226
=916  \\$aCzerniawski, Adam   (1934- )
=918  12$aCzerniawski, Adam$d(1934- ).
=931  \\$a821.162.1-1/-9(045/046)
=946  \\$k2021$o2019$p2020
=950  \\$uhttps://eu05.alma.exlibrisgroup.com/view/uresolver/48OMNIS_NETWORK/openurl?u.ignore_date_coverage=true&portfolio_pid=53706700140005066&Force_direct=true$zZobacz w Polonie$853706700140005066
=955  \7$aArtykuł z czasopisma społeczno-kulturalnego$2DBN
=980  \\$aArtykuły
=986  \\$aLiteratura polska
=999  \\$aBNzkdbzcz$bdm$x11$y2021
  
