=LDR  02891naa a2200601 i 4500
=001  b1000001103346
=005  20230121140711.4
=008  211118s2020    pl       o   |000 0 pol  
=009  9912463966705606
=015  \\$aBZCz 2021/60545
=035  \\$a(PL)b1000001103346
=040  \\$aWA N$cWA N$dWA N
=045  0\$bd2014
=046  \\$k2020
=080  \\$81.1\x$a821.162.1(091)(045/046)
=100  1\$aChyła, Karolina$d(1995- )$eRecenzja
=245  10$aFrankiści na falach życia /$cKarolina Chyła.
=260  \\$c2020.
=336  \\$aTekst$btxt$2rdacontent
=337  \\$aBez urządzenia pośredniczącego$bn$2rdamedia
=338  \\$aWolumin$bnc$2rdacarrier
=380  \\$aArtykuły
=388  1\$a2001-
=520  8\$aZawiera recenzję audiobooka: Księgi Jakubowe albo Wielka podróż przez siedem granic, pięć języków i trzy duże religie, nie licząc tych małych : opowiadana przez zmarłych, a przez autorkę dopełniona metodą koniektury, z wielu rozmaitych ksiąg zaczerpnięta, a także wspomożona imaginacją, która to jest największym naturalnym darem człowieka : mądrym dla memoryału, kompatriotom dla refleksji, laikom dla nauki, melancholikom zaś dla rozrywki  / Olga Tokarczuk ; czytają: Danuta Stenka, Wiktor Zborowski, Jan Peszek, Agata Kulesza, Maja Ostaszewska, Adam Ferency, Mariusz Bonaszewski. - Kraków, 2020.
=600  17$aBonaszewski, Mariusz$d(1964- )$2DBN
=600  17$aFerency, Adam$d(1951- )$2DBN
=600  17$aKulesza, Agata$d(1971- )$2DBN
=600  17$aOstaszewska, Maja$d(1972- )$2DBN
=600  17$aPeszek, Jan$d(1944- )$2DBN
=600  17$aStenka, Danuta$d(1961- )$2DBN
=600  17$aTokarczuk, Olga$d(1962- ).$tKsięgi Jakubowe albo Wielka podróż przez siedem granic, pięć języków i trzy duże religie, nie licząc tych małych$2DBN
=648  \7$a2001-$2DBN
=650  \7$aAudiobooki$2DBN
=650  \7$aLiteratura polska$2DBN
=655  \7$aArtykuł z czasopisma literackiego$2DBN
=658  \\$aLiteraturoznawstwo
=773  0\$iW:$tNowe Książki : przegląd nowości wydawniczych.$x0137-8562$g2020, nr 10, s. 96$w(PL)b0000001302612
=915  \\$aBZCz 2021/60545
=916  \\$aChyła, Karolina   (1995- )
=931  \\$a821.162.1(091)(045/046)
=945  0\$b2014
=946  \\$k2020
=950  \\$uhttps://eu05.alma.exlibrisgroup.com/view/uresolver/48OMNIS_NETWORK/openurl?u.ignore_date_coverage=true&portfolio_pid=53717782300005066&Force_direct=true$zZobacz w Polonie$853717782300005066
=955  \7$aArtykuł z czasopisma literackiego$2DBN
=958  \\$aLiteraturoznawstwo
=980  \\$aArtykuły
=999  \\$aBNzkdbzcz$bbew$x11$y2021
  
