=LDR  01910naa a2200553 i 4500
=001  b1000001104562
=005  20211120153318.4
=008  211119s2021    pl            |0000 pol c
=009  9912464372105606
=015  \\$aPrasa 2021/11/19
=035  \\$a(PL)b1000001104562
=040  \\$aWA N$cWA N$dWA N
=045  2\$bd2014$bd2022
=046  \\$k2021
=100  1\$aSzot, Wojciech$d(1986- )$eAutor
=245  10$aTo dzieło urzekające i bardzo potrzebne :$bświat zachwyca się "Ksiegami Jakubowymi" /$cWojciech Szot.
=260  \\$c19 XI 2021.
=336  \\$aTekst$btxt$2rdacontent
=337  \\$aBez urządzenia pośredniczącego$bn$2rdamedia
=338  \\$aWolumin$bnc$2rdacarrier
=380  \\$aArtykuły
=388  1\$a2001-
=600  17$aTokarczuk, Olga$d(1962- ).$tKsięgi Jakubowe albo Wielka podróż przez siedem granic, pięć języków i trzy duże religie, nie licząc tych małych$2DBN
=648  \7$a2001-$2DBN
=650  \7$aEdytorstwo$2DBN
=650  \7$aLiteratura polska$2DBN
=650  \7$aPowieść$2DBN
=651  \7$aŚwiat$2DBN
=655  \7$aArtykuł publicystyczny$2DBN
=658  \\$aBibliotekarstwo, archiwistyka, muzealnictwo
=658  \\$aJęzykoznawstwo
=773  0\$iW:$tGazeta Wyborcza (Wyd. zasadnicze).$x0860-908X$g2021, nr 269, s. 20$w(PL)b0000001301576
=915  \\$aPrasa 2021/11/19
=916  \\$aSzot, Wojciech   (1986- )
=945  2\$b2014$b2022
=946  \\$k2021
=951  \7$aŚwiat$2DBN
=955  \7$aArtykuł publicystyczny$2DBN
=958  \\$aBibliotekarstwo, archiwistyka, muzealnictwo
=958  \\$aJęzykoznawstwo
=980  \\$aArtykuły
=999  \\$aBNzkdprasa$bjkr
  
