=LDR  01980naa a2200553 i 4500
=001  b1000001114113
=005  20220204124036.4
=008  211130s2021    pl        o  |000 0 pol c
=009  9912466166905606
=015  \\$aBZCz 2021/67147
=035  \\$a(PL)b1000001114113
=040  \\$aWA N$cWA N$dWA N
=045  0\$b2021
=046  \\$k2021
=080  \\$a792(045/046)
=100  1\$aStaszczak-Prüfer, Natalia$d(1986- )$eRecenzja
=245  10$aFrank znaczy obcy  /$cNatalia Staszczak-Prüfer.
=260  \\$c2021.
=336  \\$aTekst$btxt$2rdacontent
=337  \\$aBez urządzenia pośredniczącego$bn$2rdamedia
=338  \\$aWolumin$bnc$2rdacarrier
=380  \\$aArtykuły
=388  1\$a2001-
=520  8\$aZawiera recenzję przedstawienia: Księgi Jakubowe / Olga Tokarczuk ; reżyseria Ewelina Marciniak ; Thalia Theater, Hamburg.
=600  17$aMarciniak, Ewelina$d(1984- )$2DBN
=610  27$aThalia Theater (Hamburg)$2DBN
=648  \7$a2001-$2DBN
=650  \7$aInscenizacja$2DBN
=650  \7$aTeatr niemiecki$2DBN
=651  \7$aHamburg (Niemcy)$2DBN
=655  \7$aArtykuł z czasopisma teatralnego$2DBN
=658  \\$aKultura i sztuka
=773  0\$iW:$tTeatr (Warszawa ; 1958).$x0040-0769$g2021, nr 11, s. 80-81$w(PL)b0000001503544
=915  \\$aBZCz 2021/67147
=916  \\$aStaszczak-Prüfer, Natalia   (1986- )
=931  \\$a792(045/046)
=945  0\$b2021
=946  \\$k2021
=951  \7$aHamburg (Niemcy)$2DBN
=955  \7$aArtykuł z czasopisma teatralnego$2DBN
=958  \\$aKultura i sztuka
=980  \\$aArtykuły
=999  \\$aBNzkdbzcz$bksl$x12$y2021
  
