=LDR  02325naa a2200577 i 4500
=001  b1000001115211
=005  20230120111021.1
=008  211201s2013    pl       o   |000 0 pol c
=009  9912466975305606
=015  \\$aBZCz 2021/67159
=035  \\$a(PL)b1000001115211
=040  \\$aWA N$cWA N$dWA N
=045  0\$bd2013
=046  \\$k2013
=080  \\$a792(045/046)
=100  1\$aWęgrzyniak, Rafał$d(1960- )$eRecenzja
=245  10$aWariacje na temat Tokarczuk /$cRafał Węgrzyniak.
=260  \\$c2013.
=336  \\$aTekst$btxt$2rdacontent
=337  \\$aBez urządzenia pośredniczącego$bn$2rdamedia
=338  \\$aWolumin$bnc$2rdacarrier
=380  \\$aArtykuły
=388  1\$a2001-
=520  8\$aZawiera recenzję przedstawienia: Kotlina / według powieści Olgi Tokarczuk "Prowadż swój pług przez kości umarłych" ; reżyseria Agnieszka Olsten ; Wrocławski Teatr Współczesny.
=600  17$aOlsten, Agnieszka$d(1977- ).$tKotlina$2DBN
=610  27$aWrocławski Teatr Współczesny im. Marii i Edmunda Wiercińskich$2DBN
=648  \7$a2001-$2DBN
=650  \7$aInscenizacja$2DBN
=651  \7$aWrocław (woj. dolnośląskie)$2DBN
=655  \7$aArtykuł z czasopisma literackiego$2DBN
=655  \7$aArtykuł z czasopisma społeczno-kulturalnego$2DBN
=658  \\$aKultura i sztuka
=773  0\$iW:$tOdra (Wrocław).$x0472-5182$g2013, nr 5, s. 98-99$w(PL)b0000001479660
=915  \\$aBZCz 2021/67159
=916  \\$aWęgrzyniak, Rafał   (1960- )
=931  \\$a792(045/046)
=945  0\$b2013
=946  \\$k2013
=950  \\$uhttps://eu05.alma.exlibrisgroup.com/view/uresolver/48OMNIS_NETWORK/openurl?u.ignore_date_coverage=true&portfolio_pid=53717718660005066&Force_direct=true$zZobacz w Polonie$853717718660005066
=951  \7$aWrocław (woj. dolnośląskie)$2DBN
=955  \7$aArtykuł z czasopisma literackiego$2DBN
=955  \7$aArtykuł z czasopisma społeczno-kulturalnego$2DBN
=958  \\$aKultura i sztuka
=980  \\$aArtykuły
=999  \\$aBNzkdbzcz$brs$x12$y2021
  
