=LDR  02401naa a2200613 i 4500
=001  b1000001120650
=005  20221007121604.6
=008  211208s2021    pl         o |000 0 pol c
=009  9912477383005606
=015  \\$aBZCz 2022/3918
=024  7\$a10.15290/parezja.2021.15.10$2doi
=035  \\$a(PL)b1000001120650
=040  \\$aWA N$cWA N$dWA N
=041  0\$apol$beng
=046  \\$k2021
=080  \\$a821.162.1(091)(045/046)
=100  1\$aMarek, Lidia$eRecenzja
=245  10$aO spotkaniu czułego odbiorcy z czułym narratorem, czyli Opowieść o książce "Czuły narrator" Olgi Tokarczuk /$cLidia Marek (Uniwersytet Szczeciński).
=246  30$aOpowieść o książce "Czuły narrator" Olgi Tokarczuk
=260  \\$c2021.
=336  \\$aTekst$btxt$2rdacontent
=337  \\$aBez urządzenia pośredniczącego$bn$2rdamedia
=338  \\$aWolumin$bnc$2rdacarrier
=380  \\$aArtykuły
=388  1\$a2001-
=504  \\$aBibliografia, netografia na stronie 128.
=520  8\$aZawiera recenzję książki: Czuły narrator / Olga Tokarczuk. - Kraków, 2020.
=546  \\$aStreszczenie w języku angielskim.
=600  17$aTokarczuk, Olga$d(1962- ).$tCzuły narrator$2DBN
=650  \7$aAntologia$2DBN
=650  \7$aEsej$2DBN
=650  \7$aLiteratura$2DBN
=650  \7$aMowy$2DBN
=655  \7$aArtykuł z czasopisma naukowego$2DBN
=655  \7$aArtykuł z czasopisma pedagogicznego$2DBN
=658  \\$aLiteraturoznawstwo
=710  2\$aUniwersytet Szczeciński$4oth
=773  0\$iW:$tParezja : Czasopismo Forum Młodych Pedagogów przy Komitecie Nauk Pedagogicznych PAN.$x2353-7914.$g2021, nr 1, s. 119-128$w(PL)b0000003151183
=915  \\$aBZCz 2022/3918
=916  \\$aMarek, Lidia   
=921  2\$aUniwersytet Szczeciński
=931  \\$a821.162.1(091)(045/046)
=946  \\$k2021
=950  \\$uhttps://eu05.alma.exlibrisgroup.com/view/uresolver/48OMNIS_NETWORK/openurl?u.ignore_date_coverage=true&portfolio_pid=53714435240005066&Force_direct=true$zZobacz w Polonie$853714435240005066
=955  \7$aArtykuł z czasopisma naukowego$2DBN
=955  \7$aArtykuł z czasopisma pedagogicznego$2DBN
=958  \\$aLiteraturoznawstwo
=980  \\$aArtykuły
=999  \\$aBNzkdbzcz$bols$x01$y2022
  
