=LDR  02271naa a2200613 i 4500
=001  b1000001130660
=005  20221007121604.6
=008  211221s2021    pl           |000 0 pol c 
=009  9912480724305606
=015  \\$aBZCz 2021/64005
=035  \\$a(PL)b1000001130660
=040  \\$aWA N$cWA N$dWA N
=045  0\$bd2021
=046  \\$k2021
=080  \\$81.1\x$a327(438)(045/046)
=100  1\$aŻor, Andrzej$d(1940- )$eAutor
=245  10$aZamiast recenzji  /$cAndrzej Żor.
=260  \\$c2021.
=336  \\$aTekst$btxt$2rdacontent
=337  \\$aBez urządzenia pośredniczącego$bn$2rdamedia
=338  \\$aWolumin$bnc$2rdacarrier
=380  \\$aArtykuły
=388  1\$a2001-
=500  \\$aZawiera fragment książki: Dom dzienny, dom nocny / Olga Tokarczuk. - Wałbrzych, 1999.
=600  17$aTokarczuk, Olga$d(1962- ).$tDom dzienny, dom nocny$2DBN
=648  \7$a2001-$2DBN
=650  \7$aGranice$2DBN
=650  \7$aPolityka migracyjna$2DBN
=651  \7$aBiałoruś$2DBN
=655  \7$aArtykuł problemowy$2DBN
=655  \7$aArtykuł z czasopisma naukowego$2DBN
=655  \7$aArtykuł z czasopisma politycznego$2DBN
=658  \\$aPolityka, politologia, administracja publiczna
=773  0\$iW:$tRes Humana : humanizm, racjonalizm, kultura świecka.$x0867-874X$gR. 30, nr 6 (2021), s. 58-59$w(PL)b0000001296819
=915  \\$aBZCz 2021/64005
=916  \\$aŻor, Andrzej   (1940- )
=931  \\$a327(438)(045/046)
=945  0\$b2021
=946  \\$k2021
=950  \\$uhttps://eu05.alma.exlibrisgroup.com/view/uresolver/48OMNIS_NETWORK/openurl?u.ignore_date_coverage=true&portfolio_pid=53713768180005066&Force_direct=true$zZobacz w Polonie$853713768180005066
=951  \7$aBiałoruś$2DBN
=955  \7$aArtykuł problemowy$2DBN
=955  \7$aArtykuł z czasopisma naukowego$2DBN
=955  \7$aArtykuł z czasopisma politycznego$2DBN
=958  \\$aPolityka, politologia, administracja publiczna
=980  \\$aArtykuły
=999  \\$aBNzkdbzcz$bjds$x12$y2021
  
