=LDR  02315naa a2200613 i 4500
=001  b1000001130929
=005  20220923124519.2
=008  211221s2021    pl           |000 0 pol c
=009  9912482693405606
=015  \\$aBZCz 2021/65300
=035  \\$a(PL)b1000001130929
=040  \\$aWA N$cWA N$dWA N
=045  0\$bd2021
=046  \\$k2021
=080  \\$81.1\x$a378(045/046)
=100  1\$aNycz, Ryszard$d(1951- )$eAutor
=245  10$aWielowarstwowy konkret i konstelacyjna całość :$blaudacja dla Olgi Tokarczuk z okazji nadania Pisarce tytułu doktora honoris causa Uniwersytetu Jagiellońskiego /$cprof. Ryszard Nycz (Wydział Polonistyki UJ).
=260  \\$c2021.
=336  \\$aTekst$btxt$2rdacontent
=337  \\$aBez urządzenia pośredniczącego$bn$2rdamedia
=338  \\$aWolumin$bnc$2rdacarrier
=380  \\$aArtykuły
=388  1\$a2001-
=600  17$aTokarczuk, Olga$d(1962- )$2DBN
=610  27$aUniwersytet Jagielloński$2DBN
=648  \7$a2001-$2DBN
=650  \7$aDoktor honoris causa$2DBN
=650  \7$aLiteratura polska$2DBN
=651  \7$aKraków (woj. małopolskie)$2DBN
=655  \7$aArtykuł z czasopisma akademickiego$2DBN
=658  \\$aLiteraturoznawstwo
=710  2\$aWydział Polonistyki (Uniwersytet Jagielloński)$4oth
=773  0\$iW:$tAlma Mater (Kraków).$x1427-1176$g2021, nr 227, s. 20-23$w(PL)b0000001612192
=915  \\$aBZCz 2021/65300
=916  \\$aNycz, Ryszard   (1951- )
=921  2\$aWydział Polonistyki (Uniwersytet Jagielloński)
=931  \\$a378(045/046)
=945  0\$b2021
=946  \\$k2021
=950  \\$uhttps://eu05.alma.exlibrisgroup.com/view/uresolver/48OMNIS_NETWORK/openurl?u.ignore_date_coverage=true&portfolio_pid=53706957910005066&Force_direct=true$zZobacz w Polonie$853706957910005066
=951  \7$aKraków (woj. małopolskie)$2DBN
=955  \7$aArtykuł z czasopisma akademickiego$2DBN
=958  \\$aLiteraturoznawstwo
=980  \\$aArtykuły
=999  \\$aBNzkdbzcz$baln$x12$y2021
  
