=LDR  01784naa a2200553 i 4500
=001  b1000002197876
=005  20220114142755.3
=008  220113s2020    pl           |000 0 pol c
=009  9912590699605606
=035  \\$a(PL)b1000002197876
=040  \\$aWA N$cWA N$dWA N
=041  1\$apol$beng$hita
=045  0\$bd2006
=046  \\$k2020
=080  \\$a821.162.1(091)(045/046)
=100  1\$aAmenta, Alessandro$d(1974- )$eAutor
=245  10$aWokół reinterpretacji sumeryjskiego mitu o bogini Innanie w "Annie in w ogrodach świata" Olgi Tokarczuk /$cAlessandro Amenta ; przełożyła Aleksandra Cypko.
=260  \\$c2020.
=336  \\$aTekst$btxt$2rdacontent
=337  \\$aBez urządzenia pośredniczącego$bn$2rdamedia
=338  \\$aWolumin$bnc$2rdacarrier
=380  \\$aArtykuły
=388  1\$a2001-
=546  \\$aStreszczenie w języku angielskim.
=600  17$aTokarczuk, Olga$d(1962- ).$tAnna In w grobowcach świata$2DBN
=648  \7$a2000-$2DBN
=650  \7$aBoginie$2DBN
=650  \7$aLiteratura polska$2DBN
=650  \7$aMit$2DBN
=655  \7$aArtykuł problemowy$2DBN
=658  \\$aLiteraturoznawstwo
=700  1\$aCypko, Aleksandra$eTłumaczenie
=773  0\$iW:$tBoginie, bohaterki, syreny, pajęczyce$gs. 125-148$w(PL)b1000000972146
=916  \\$aAmenta, Alessandro   (1974- )
=918  1\$aCypko, Aleksandra
=931  \\$a821.162.1(091)(045/046)
=945  0\$b2006
=946  \\$k2020
=955  \7$aArtykuł problemowy$2DBN
=958  \\$aLiteraturoznawstwo
=980  \\$aArtykuły
=999  \\$aBNzkdroz$bans
  
