=LDR  04675nam a2201189 i 4500
=001  b1000002198215
=005  20221110164508.4
=008  220113s2021    pl hod f     |000 p pol c
=009  9912590093405606
=015  \\$aUWD 2022/19525
=020  \\$a9788372227362$q(oprawa miękka ;$qNorbertinum)
=035  \\$a(PL)b1000002198215
=040  \\$aLUBL M$cLUBL M$dLUBL M$dWA N$dKR U$dWA N$dLUBL KUL
=045  2\$bd1846$bd2021
=046  \\$k2021
=080  \\$81.1\x$a821.162.1(091)"19"
=080  \\$81.2\x$a821.162.1(091)"20"
=084  \\$a03
=245  00$aNobliści - od inspiracji do dydaktyki /$cpod redakcją Anny Zielińskiej.
=260  \\$aLublin :$bNorbertinum :$bStowarzyszenie Nauczycieli Polonistów. Oddział w Lublinie,$c2021.
=300  \\$a211 stron, [8] stron tablic :$bfaksymile, fotografie, wykresy ;$c21 cm.
=336  \\$aTekst$btxt$2rdacontent
=337  \\$aBez urządzenia pośredniczącego$bn$2rdamedia
=338  \\$aWolumin$bnc$2rdacarrier
=380  \\$aKsiążki
=380  \\$aPoezja
=380  \\$aPublikacje dydaktyczne
=385  \\$mPoziom nauczania$aSzkoły podstawowe
=385  \\$mPoziom nauczania$aSzkoły średnie
=386  \\$mPrzynależność kulturowa$aLiteratura polska
=388  1\$a2001-
=500  \\$aNa stronie przedtytułowej i okładce: 25 SNaP. Oddział w Lublinie.
=504  \\$aBibliografia publikacji Stowarzyszenia Nauczycieli Polonistów. Oddział w Lublinie  na stronie 189.
=536  \\$aWspółfinansowanie: Urząd Miasta Lublin, Wydawnictwo WiR
=600  17$aMiłosz, Czesław$d(1911-2004)$2DBN
=600  17$aReymont, Władysław Stanisław$d(1867-1925)$2DBN
=600  17$aSienkiewicz, Henryk$d(1846-1916)$2DBN
=600  17$aSzymborska, Wisława$d(1923-2012)$2DBN
=648  \7$a1801-1900$2DBN
=648  \7$a1901-2000$2DBN
=650  \7$aJęzyk polski (przedmiot szkolny)$2DBN
=650  \7$aKonkursy i festiwale literackie$2DBN
=650  \7$aLiteracka Nagroda Nobla$2DBN
=650  \7$aLiteratura polska$2DBN
=650  \7$aPisarze polscy$2DBN
=651  \7$aPolska$2DBN
=655  \7$aPublikacja okolicznościowa$2DBN
=655  \7$aPublikacja pokonkursowa$2DBN
=655  \7$aScenariusz imprezy okolicznościowej$2DBN
=655  \7$aScenariusz zajęć$2DBN
=655  \7$aWiersze$2DBN
=658  \\$aEdukacja i pedagogika
=700  1\$aZielińska, Anna$c(filolog)$eRedakcja
=710  2\$aWydawnictwo "Norbertinum"$eWydawca$4pbl
=852  \\$822709507180005066$j1$h3.207.823 A$bBN_PL$p30001031887692$cbk1
=852  \\$822709507150005066$j1$h3.614.740$bBN_PL$p30001031887708$cbk8
=852  \\$822378002170006831$j1$h745246 II$bBuKul$p1001313785$cBG_Magazyn
=852  \\$822596469740005067$j1$h1.032.550 I A$bBJ$p1003100129$cBJ_EGZ_A
=852  \\$822596469710005067$j1$hB 878140 I$bBJ$p1003100130$cBJ_MAG
=852  \\$822417784300006926$j1$h1466334$bTORU$p300052304552$cMG_bg
=852  \\$82252648770005069$j1$h539041 II$bLUBL_M$p1001036504$c10000
=910  \\$a745246 II$b22/eo/13013$9local$z48OMNIS_KUL
=915  \\$aUWD 2022/19525
=918  1\$aZielińska, Anna$c(filolog)
=920  \\$a978-83-7222-736-2 (oprawa miękka ; Norbertinum)
=921  2\$aWydawnictwo "Norbertinum"
=923  \\$aWydawnictwo "Norbertinum"
=931  \\$a821.162.1(091)"19"
=931  \\$a821.162.1(091)"20"
=945  2\$b1846$b2021
=946  \\$k2021
=951  \7$aPolska$2DBN
=955  \7$aPublikacja okolicznościowa$2DBN
=955  \7$aPublikacja pokonkursowa$2DBN
=955  \7$aScenariusz imprezy okolicznościowej$2DBN
=955  \7$aScenariusz zajęć$2DBN
=955  \7$aWiersze$2DBN
=958  \\$aEdukacja i pedagogika
=980  \\$aKsiążki
=980  \\$aPoezja
=980  \\$aPublikacje dydaktyczne
=985  \\$aSzkoły podstawowe
=985  \\$aSzkoły średnie
=986  \\$aLiteratura polska
=999  \\$aWBPLdoz$bAB$cAS$aBNzkd$bazd$xuwd22$y22
  
