=LDR  01761naa a2200529 i 4500
=001  b1000002335552
=005  20220126184204.9
=008  220125s2021    pl           |000 0 pol c
=009  9912616799805606
=035  \\$a(PL)b1000002335552
=040  \\$aWA N$cWA N$dWA N
=045  2\$bd1993$bd2007
=046  \\$k2021
=080  \\$a821.162.1(091)(045/046)
=100  1\$aWoźniakiewicz-Dziadosz, Maria$eAutor
=245  10$aPisanie świata :$b"Liber Mundi" w powieściach Olgi Tokarczuk /$cMaria Woźniakiewicz-Dziadosz
=260  \\$c2021.
=336  \\$aTekst$btxt$2rdacontent
=337  \\$aBez urządzenia pośredniczącego$bn$2rdamedia
=338  \\$aWolumin$bnc$2rdacarrier
=380  \\$aArtykuły
=388  1\$a2001-
=504  \\$aBibliografia na stronach 38-39.
=600  17$aTokarczuk, Olga$d(1962- ).$tBieguni$2DBN
=600  17$aTokarczuk, Olga$d(1962- ).$tPodróż Ludzi Księgi$2DBN
=648  \7$a1901-2000$2DBN
=648  \7$a1989-2000$2DBN
=650  \7$aKoniec świata$2DBN
=650  \7$aLiteratura polska$2DBN
=655  \7$aArtykuł problemowy$2DBN
=658  \\$aLiteraturoznawstwo
=773  0\$iW:$tKomunikowanie polityk(i) w literaturze i w mediach$gs. 25-39$w(PL)b1000000966497
=916  \\$aWoźniakiewicz-Dziadosz, Maria   
=931  \\$a821.162.1(091)(045/046)
=945  2\$b1993$b2007
=946  \\$k2021
=955  \7$aArtykuł problemowy$2DBN
=958  \\$aLiteraturoznawstwo
=980  \\$aArtykuły
=999  \\$aBNzkdroz$bans
  
