=LDR  01946naa a2200577 i 4500
=001  b1000002338230
=005  20220128191410.6
=008  220127s2021    pl           |000 0 pol c
=009  9912619576105606
=035  \\$a(PL)b1000002338230
=040  \\$aWA N$cWA N$dWA N
=041  \\$apol$beng
=045  2\$bd1989$bd2020
=046  \\$k2021
=080  \\$a821.162.1(091)(045/046)
=100  1\$aRabizo-Birek, Magdalena$d(1964- )$eAutor
=245  10$aWejście w świat :$buwagi o juweniliach Olgi Tokarczuk /$cMagdalena Rabizo-Birek (Uniwersytet Rzeszowski).
=246  30$aUwagi o juweniliach Olgi Tokarczuk
=260  \\$c2021.
=336  \\$aTekst$btxt$2rdacontent
=337  \\$aBez urządzenia pośredniczącego$bn$2rdamedia
=338  \\$aWolumin$bnc$2rdacarrier
=380  \\$aArtykuły
=388  1\$a2001-
=504  \\$aBibliografia na stronach 561-563.
=546  \\$aStreszczenie w języku angielskim.
=600  17$aTokarczuk, Olga$d(1962- )$2DBN
=648  \7$a1901-2000$2DBN
=648  \7$a1989-2000$2DBN
=650  \7$aLaureaci$2DBN
=650  \7$aLiteracka Nagroda Nobla$2DBN
=650  \7$aLiteratura polska$2DBN
=655  \7$aArtykuł problemowy$2DBN
=658  \\$aLiteraturoznawstwo
=710  2\$aUniwersytet Rzeszowski$4oth
=773  0\$iW:$tSilva rerum : rzecz o współczesnej i dawnej polszczyźnie. T. 2, Księga jubileuszowa dedykowana Profesorowi Kazimierzowi Ożogowi$g549-563$w(PL)b1000001133293
=916  \\$aRabizo-Birek, Magdalena   (1964- )
=921  2\$aUniwersytet Rzeszowski
=931  \\$a821.162.1(091)(045/046)
=945  2\$b1989$b2020
=946  \\$k2021
=955  \7$aArtykuł problemowy$2DBN
=958  \\$aLiteraturoznawstwo
=980  \\$aArtykuły
=999  \\$aBNzkdroz$bsg
  
