=LDR  02222naa a2200625 i 4500
=001  b1000002349645
=005  20220405155727.4
=008  220210s2020    pl           |000 0 pol c
=009  9912624821305606
=015  \\$aBZCz 2022/8520
=035  \\$a(PL)b1000002349645
=040  \\$aWA N$cWA N$dWA N
=041  0\$apol$beng
=045  0\$bd1989
=046  \\$k2020
=080  \\$a821.162.1(091)(045/046)
=100  1\$aJastrzębska, Katarzyna$d(1968- )$eAutor
=245  10$a"Nie-miejsce", ślad i pamięć :$bopowiadanie Olgi Tokarczuk "Numery" w przekładzie Kseni Starosielskiej /$cKatarzyna Jastrzębska (Uniwersytet Jagielloński).
=246  30$aOpowiadanie Olgi Tokarczuk "Numery" w przekładzie Kseni Starosielskiej
=260  \\$c2020.
=336  \\$aTekst$btxt$2rdacontent
=337  \\$aBez urządzenia pośredniczącego$bn$2rdamedia
=338  \\$aWolumin$bnc$2rdacarrier
=380  \\$aArtykuły
=388  1\$a2001-
=504  \\$aBibliografia na stronach 113-115.
=546  \\$aStreszczenie w języku angielskim.
=600  17$aStarosielska, Ksenia$d(1937-2017)$2DBN
=648  \7$a1901-2000$2DBN
=650  \7$aLiteratura polska$2DBN
=650  \7$aOpowiadania i nowele$2DBN
=650  \7$aPamięć$2DBN
=655  \7$aArtykuł problemowy$2DBN
=655  \7$aArtykuł z czasopisma filologicznego$2DBN
=658  \\$aLiteraturoznawstwo
=710  2\$aUniwersytet Jagielloński$4oth
=773  0\$iW:$tPrzekładaniec : pismo poświęcone przekładom i nie tylko.$x1425-6851$g2020, nr 41, s. 96-115$w(PL)b0000001612099
=915  \\$aBZCz 2022/8520
=916  \\$aJastrzębska, Katarzyna   (1968- )
=921  2\$aUniwersytet Jagielloński
=931  \\$a821.162.1(091)(045/046)
=945  0\$b1989
=946  \\$k2020
=955  \7$aArtykuł problemowy$2DBN
=955  \7$aArtykuł z czasopisma filologicznego$2DBN
=958  \\$aLiteraturoznawstwo
=980  \\$aArtykuły
=999  \\$aBNzkdbzcz$bsg$x02$y2022
  
