=LDR  01800naa a2200553 i 4500
=001  b1000002351614
=005  20220214142156.0
=008  220213s2019    pl            |0000 pol c 
=009  9912627400105606
=035  \\$a(PL)b1000002351614
=040  \\$aWA N$cWA N$dWA N
=041  0\$apol$beng
=045  2\$bd2001$bd2019
=046  \\$k2019
=080  \\$a821.162.1(091)(045/046)
=100  1\$aŻebrowska, Danuta$eAutor
=245  10$aŚwiat wartości i mistrzostwo pisarskie polskiej noblistki Olgi Tokarczuk /$cDanuta Żebrowska.
=260  \\$c2019.
=336  \\$aTekst$btxt$2rdacontent
=337  \\$aBez urządzenia pośredniczącego$bn$2rdamedia
=338  \\$aWolumin$bnc$2rdacarrier
=380  \\$aArtykuły
=388  1\$a2001-
=504  \\$aBibliografia na stronach .
=546  \\$aStreszczenia w języku angielskim.
=600  17$aTokarczuk, Olga$d(1962- )$2DBN
=648  \7$a1901-2000$2DBN
=650  \7$aLiteracka Nagroda Nobla$2DBN
=650  \7$aLiteratura polska$2DBN
=650  \7$aPisarze polscy$2DBN
=651  \7$aPolska$2DBN
=655  \7$aArtykuł problemowy$2DBN
=658  \\$aLiteraturoznawstwo
=773  0\$iW:$tWychować (w sobie) mistrza : w stronę jubileuszu 80-lecia Profesora Wojciecha Kojsa i Profesora Janusza Mariańskiego.$gS. 367-370$w(PL)b1000000923798
=916  \\$aŻebrowska, Danuta   
=931  \\$a821.162.1(091)(045/046)
=945  2\$b2001$b2019
=946  \\$k2019
=951  \7$aPolska$2DBN
=955  \7$aArtykuł problemowy$2DBN
=958  \\$aLiteraturoznawstwo
=980  \\$aArtykuły
=999  \\$aBNzkdroz$band
  
