=LDR  01676naa a2200517 i 4500
=001  b1000002353826
=005  20230201165724.7
=008  220215s2021    pl           |000 0 pol  
=009  9912627751405606
=035  \\$a(PL)b1000002353826
=040  \\$aWA N$cWA N$dWA N
=045  0\$bd2020
=046  \\$k2021
=080  \\$a821.162.1(091)(045/046)
=100  1\$aKlinger, Michał$d(1946- )$eAutor
=245  10$a„Hymn o czułości” Olgi Tokarczuk - próba egzegezy /$cMichał Klinger.
=260  \\$c2021.
=336  \\$aTekst$btxt$2rdacontent
=337  \\$aBez urządzenia pośredniczącego$bn$2rdamedia
=338  \\$aWolumin$bnc$2rdacarrier
=380  \\$aArtykuły
=388  1\$a2001-
=600  17$aTokarczuk, Olga$d(1962- ).$tCzuły narrator$2DBN
=648  \7$a2001-$2DBN
=650  \7$aLiteratura polska$2DBN
=650  \7$aMiłość$2DBN
=650  \7$aMowy$2DBN
=650  \7$aPodmiot literacki$2DBN
=655  \7$aArtykuł problemowy$2DBN
=655  \7$aArtykuł z czasopisma naukowego$2DBN
=658  \\$aLiteraturoznawstwo
=773  0\$iW:$tKonteksty : polska sztuka ludowa.$x1230-6142$gR. 72, nr 1-2 (2021), s. 65-73$w(PL)b0000001472266
=916  \\$aKlinger, Michał   (1946- )
=931  \\$a821.162.1(091)(045/046)
=945  0\$b2020
=946  \\$k2021
=955  \7$aArtykuł problemowy$2DBN
=955  \7$aArtykuł z czasopisma naukowego$2DBN
=958  \\$aLiteraturoznawstwo
=980  \\$aArtykuły
=999  \\$aBNzkdbzcz$bjor$x02$y2023
  
