=LDR  01862naa a2200541 i 4500
=001  b1000002353841
=005  20230201165724.7
=008  220215s2021    pl           |000 0 pol c
=009  9912627751005606
=035  \\$a(PL)b1000002353841
=040  \\$aWA N$cWA N$dWA N
=045  0\$bd2009
=046  \\$k2021
=080  \\$a821.162.1(091)(045/046)
=245  00$aOlga Tokarczuk jako pisarka ekofeministyczna albo O czym może świadczyć literatura /$cPiotr Jakub Fereński, Anna Kwapisz.
=246  30$aO czym może świadczyć literatura
=260  \\$c2021.
=336  \\$aTekst$btxt$2rdacontent
=337  \\$aBez urządzenia pośredniczącego$bn$2rdamedia
=338  \\$aWolumin$bnc$2rdacarrier
=380  \\$aArtykuły
=388  1\$a2001-
=600  17$aTokarczuk, Olga$d(1962- ).$tProwadź swój pług przez kości umarłych$2DBN
=648  \7$a2001-$2DBN
=650  \7$aEkofeminizm$2DBN
=650  \7$aFikcja literacka$2DBN
=650  \7$aLiteratura polska$2DBN
=650  \7$aPowieść$2DBN
=650  \7$aTematy i motywy$2DBN
=655  \7$aArtykuł z czasopisma naukowego$2DBN
=658  \\$aLiteraturoznawstwo
=700  1\$aFereński, Piotr Jakub$eAutor
=773  0\$iW:$tKonteksty : polska sztuka ludowa.$x1230-6142$gR. 72, nr 1/2 (2021), s. 74-80$w(PL)b0000001472266
=918  1\$aFereński, Piotr Jakub
=931  \\$a821.162.1(091)(045/046)
=945  0\$b2009
=946  \\$k2021
=955  \7$aArtykuł z czasopisma naukowego$2DBN
=958  \\$aLiteraturoznawstwo
=980  \\$aArtykuły
=999  \\$aBNzkdbzcz$bjor$x02$y2023
  
