=LDR  02060naa a2200577 i 4500
=001  b1000002355213
=005  20230201165724.7
=008  220216s2021    pl           |000 0 pol c
=009  9912627716005606
=035  \\$a(PL)b1000002355213
=040  \\$aWA N$cWA N$dWA N
=045  0\$bd2020
=046  \\$k2021
=080  \\$a821.162.1(091)(045/046)
=100  1\$aBednarek-Bohdziewicz, Agnieszka$eAutor
=245  10$aPoza ramy i kadry, czyli Literatura jako świadectwo :$bwokół mowy noblowskiej Olgi Tokarczuk "Czuły narrator" /$cAgnieszka Bednarek-Bohdziewicz.
=246  30$aLiteratura jako świadectwo :$bwokół mowy noblowskiej Olgi Tokarczuk "Czuły narrator"
=260  \\$c2021.
=336  \\$aTekst$btxt$2rdacontent
=337  \\$aBez urządzenia pośredniczącego$bn$2rdamedia
=338  \\$aWolumin$bnc$2rdacarrier
=380  \\$aArtykuły
=388  1\$a2001-
=600  17$aBlake, William$d(1757-1827).$tAuguries of innocence$2DBN
=600  17$aMann, Thomas$d(1875-1955).$tTonio Kröger$2DBN
=600  17$aSznajderman, Monika$d(1959- ).$tFałszerze pieprzu$2DBN
=648  \7$a2001-$2DBN
=650  \7$aEsej$2DBN
=650  \7$aLiteratura polska$2DBN
=650  \7$aMiłość$2DBN
=650  \7$aMowy$2DBN
=650  \7$aNarracja$2DBN
=655  \7$aArtykuł z czasopisma naukowego$2DBN
=655  \7$aArtykuł z czasopisma o sztuce$2DBN
=658  \\$aLiteraturoznawstwo
=773  0\$iW:$tKonteksty : polska sztuka ludowa.$x1230-6142$gR. 72, nr 1-2 (2021), s. 87-91$w(PL)b0000001472266
=916  \\$aBednarek-Bohdziewicz, Agnieszka   
=931  \\$a821.162.1(091)(045/046)
=945  0\$b2020
=946  \\$k2021
=955  \7$aArtykuł z czasopisma naukowego$2DBN
=955  \7$aArtykuł z czasopisma o sztuce$2DBN
=958  \\$aLiteraturoznawstwo
=980  \\$aArtykuły
=999  \\$aBNzkdbzcz$bjor$x02$y2023
  
