=LDR  01969naa a2200529 i 4500
=001  b1000002359487
=005  20220223143829.6
=008  220222s2021    pl           |000 0 pol c
=009  9912644273705606
=035  \\$a(PL)b1000002359487
=040  \\$aWA N$cWA N$dWA N
=041  0\$apol$beng
=045  0\$bd2014
=046  \\$k2021
=080  \\$a821.162.1(091)(045/046)
=100  1\$aKrupowies, Walentyna$eAutor
=245  10$aProrok Mesjasza :$bpostać Nachmana w "Księgach Jakubowych" Olgi Tokarczuk /$cWalentyna Krupowies (Uniwersytet Przyrodniczo-Humanistyczny w Siedlcach. Wydział Humanistyczny).
=260  \\$c2021.
=336  \\$aTekst$btxt$2rdacontent
=337  \\$aBez urządzenia pośredniczącego$bn$2rdamedia
=338  \\$aWolumin$bnc$2rdacarrier
=380  \\$aArtykuły
=388  1\$a2001-
=504  \\$aBibliografia na stronie 159.
=546  \\$aStreszczenie w języku angielskim.
=600  17$aTokarczuk, Olga$d(1962- ).$tKsięgi Jakubowe albo Wielka podróż przez siedem granic, pięć języków i trzy duże religie, nie licząc tych małych$2DBN
=648  \7$a2001-$2DBN
=650  \7$aLiteratura polska$2DBN
=650  \7$aMęskość$2DBN
=650  \7$aPowieść$2DBN
=655  \7$aArtykuł problemowy$2DBN
=658  \\$aLiteraturoznawstwo
=710  2\$aWydział Humanistyczny (Uniwersytet Przyrodniczo-Humanistyczny ; Siedlce)$4oth
=773  0\$iW:$tOblicza męskości w literaturze i sztuce.$gs. 149-159$w(PL)b1000001109371
=916  \\$aKrupowies, Walentyna   
=921  2\$aWydział Humanistyczny (Uniwersytet Przyrodniczo-Humanistyczny ; Siedlce)
=931  \\$a821.162.1(091)(045/046)
=945  0\$b2014
=946  \\$k2021
=955  \7$aArtykuł problemowy$2DBN
=958  \\$aLiteraturoznawstwo
=980  \\$aArtykuły
  
