=LDR  02503naa a2200733 i 4500
=001  b1000002361419
=005  20220224143537.9
=008  220223s2021    pl            |0000 pol c 
=009  9912644229605606
=035  \\$a(PL)b1000002361419
=040  \\$aWA N$cWA N$dWA N
=041  0\$apol$beng
=045  2\$bd1995$bd2021
=046  \\$k2021
=080  \\$81.1\x$a37.016(045/046)
=080  \\$81.2\x$a80/81(045/046)
=080  \\$81.3\x$a821.162.1(091)(045/046)
=100  1\$aWójcik-Dudek, Małgorzata$eAutor
=245  10$aO (dez)orientacji :$bszkolna lektura "Miejsca" Andrzeja Stasiuka oraz "Profesora Andrewsa w Warszawie" Olgi Tokarczuk /$cMałgorzata Wójcik-Dudek (Uniwersytet Śląski w Katowicach).
=260  \\$c2021.
=336  \\$aTekst$btxt$2rdacontent
=337  \\$aBez urządzenia pośredniczącego$bn$2rdamedia
=338  \\$aWolumin$bnc$2rdacarrier
=380  \\$aArtykuły
=388  1\$a2001-
=504  \\$aBibliografia na stronie 86.
=546  \\$aStreszczenie w języku angielskim.
=600  17$aStasiuk, Andrzej$d(1960- ).$tMiejsce$2DBN
=648  \7$a1901-2000$2DBN
=650  \7$aAnaliza i interpretacja$2DBN
=650  \7$aJęzyk polski (przedmiot szkolny)$2DBN
=650  \7$aLiteratura polska$2DBN
=650  \7$aMetody nauczania$2DBN
=650  \7$aPatriotyzm$2DBN
=650  \7$aTematy i motywy$2DBN
=651  \7$aPolska$2DBN
=655  \7$aArtykuł problemowy$2DBN
=658  \\$aEdukacja i pedagogika
=710  2\$aUniwersytet Śląski$4pbl
=773  0\$iW:$tLekcja POLSKI(ego) : praktyki edukacyjne wobec niepokojów XXI wieku. T. 2, Praktyki edukacyjne.$gS. 75-87$w(PL)b1000000989719
=916  \\$aWójcik-Dudek, Małgorzata   
=921  2\$aUniwersytet Śląski
=923  \\$aUniwersytet Śląski
=931  \\$a37.016(045/046)
=931  \\$a80/81(045/046)
=931  \\$a821.162.1(091)(045/046)
=945  2\$b1995$b2021
=946  \\$k2021
=951  \7$aPolska$2DBN
=955  \7$aArtykuł problemowy$2DBN
=958  \\$aEdukacja i pedagogika
=980  \\$aArtykuły
=999  \\$aBNzkdroz$band
  
