=LDR  01708naa a2200529 i 4500
=001  b1000002362194
=005  20220505174047.4
=008  220224s2021    pl       o   |000 0 pol  
=009  9912644029405606
=015  \\$aBZCz 2022/13984
=035  \\$a(PL)b1000002362194
=040  \\$aWA N$cWA N$dWA N
=045  2\$bd2008$bd2020
=046  \\$k2021
=080  \\$81.1\x$a821.162.1(091)(045/046)
=100  1\$aRonge, Gerard$eRecenzja
=245  10$a"Coś jest ze światem nie tak" /$cGerard Ronge.
=260  \\$c2021.
=336  \\$aTekst$btxt$2rdacontent
=337  \\$aBez urządzenia pośredniczącego$bn$2rdamedia
=338  \\$aWolumin$bnc$2rdacarrier
=380  \\$aArtykuły
=388  1\$a2001-
=520  8\$aZawiera recenzję książki: Czuły narrator / Olga Tokarczuk. - Kraków, 2020.
=600  17$aTokarczuk, Olga$d(1962- ).$tCzuły narrator$2DBN
=648  \7$a2001-$2DBN
=650  \7$aAntologia$2DBN
=650  \7$aEsej$2DBN
=650  \7$aLiteratura$2DBN
=650  \7$aMowy$2DBN
=655  \7$aArtykuł z czasopisma literackiego$2DBN
=658  \\$aLiteraturoznawstwo
=773  0\$iW:$tNowe Książki : przegląd nowości wydawniczych.$x0137-8562$g2021, nr 3, s. 22-23$w(PL)b0000001302612
=915  \\$aBZCz 2022/13984
=916  \\$aRonge, Gerard   
=931  \\$a821.162.1(091)(045/046)
=945  2\$b2008$b2020
=946  \\$k2021
=955  \7$aArtykuł z czasopisma literackiego$2DBN
=958  \\$aLiteraturoznawstwo
=980  \\$aArtykuły
=999  \\$aBNzkdbzcz$bbew$x03$y2022
  
