=LDR  02076naa a2200601 i 4500
=001  b1000002364478
=005  20220301151823.3
=008  220228s2021    pl           |000 0 pol c
=009  9912646160505606
=035  \\$a(PL)b1000002364478
=040  \\$aWA N$cWA N$dWA N
=041  0\$apol$beng
=045  2\$bd1971$bd2009
=046  \\$k2021
=080  \\$a821.162.1(091)(045/046)
=100  1\$aWawryk, Joanna$d(1983- )$eAutor
=245  10$aStara kobieta we wspólnocie i poza nią :$b(sołtyska z Diabłów Tadeusza Nowaka i Janina Duszejko z Prowadź swój pług przez kości umarłych Olgi Tokarczuk) /$cJoanna Wawryk (Uniwersytet Zielonogórski).
=260  \\$c2021.
=336  \\$aTekst$btxt$2rdacontent
=337  \\$aBez urządzenia pośredniczącego$bn$2rdamedia
=338  \\$aWolumin$bnc$2rdacarrier
=380  \\$aArtykuły
=388  1\$a2001-
=504  \\$aBibliografia na stronach 410-411.
=546  \\$aStreszczenie w języku angielskim.
=600  17$aNowak, Tadeusz$d(1930-1991).$tDiabły$2DBN
=648  \7$a1901-2000$2DBN
=648  \7$a1945-1989$2DBN
=650  \7$aKobieta$2DBN
=650  \7$aLiteratura polska$2DBN
=650  \7$aOsoby w wieku starszym$2DBN
=650  \7$aPowieść$2DBN
=650  \7$aTematy i motywy$2DBN
=655  \7$aArtykuł problemowy$2DBN
=658  \\$aLiteraturoznawstwo
=710  2\$aUniwersytet Zielonogórski$4oth
=773  0\$iW:$tWspólnota : formy - historie - horyzonty.$gs. 391-411$w(PL)b1000001106771
=916  \\$aWawryk, Joanna   (1983- )
=921  2\$aUniwersytet Zielonogórski
=931  \\$a821.162.1(091)(045/046)
=945  2\$b1971$b2009
=946  \\$k2021
=955  \7$aArtykuł problemowy$2DBN
=958  \\$aLiteraturoznawstwo
=980  \\$aArtykuły
=999  \\$aBNzkdroz$brs
  
