=LDR  03300nam a2200901 i 4500
=001  b1000002372787
=005  20230204150656.8
=008  220309s2021    pl a         |001 0 pol c
=009  9912650657505606
=015  \\$aUWD 2022/24776
=020  \\$a9788322795019$q(oprawa twarda)
=035  \\$a(PL)b1000002372787
=040  \\$aLUBL M$cLUBL M$dLUBL M$dWA N$dKR U$dWA N$dLUBL KUL
=041  0\$apol$beng
=045  2\$bd1950$bd2020
=046  \\$k2019$l2020
=080  \\$81.1\x$a930.1(438)(091)
=084  \\$a01
=100  1\$aPomorski, Jan$d(1954- )$eAutor
=245  10$aRzecz o wyobraźni historycznej :$bćwiczenia z hermeneutyki /$cJan Pomorski.
=246  30$aĆwiczenia z hermeneutyki
=260  \\$aLublin :$bWydawnictwo Uniwersytetu Marii Curie-Skłodowskiej,$c2021.
=300  \\$a264 strony :$bilustracje ;$c25 cm.
=336  \\$aTekst$btxt$2rdacontent
=337  \\$aBez urządzenia pośredniczącego$bn$2rdamedia
=338  \\$aWolumin$bnc$2rdacarrier
=380  \\$aKsiążki
=388  1\$a2001-
=504  \\$aIndeks.
=546  \\$aStreszczenie w języku angielskim.
=600  17$aJasienica, Paweł$d(1909-1970)$2DBN
=600  17$aTokarczuk, Olga$d(1962- )$2DBN
=600  17$aTopolski, Jerzy$d(1928-1998)$2DBN
=648  \7$a1901-2000$2DBN
=648  \7$a1945-1989$2DBN
=648  \7$a1989-2000$2DBN
=650  \7$aHistoriografia amerykańska$2DBN
=650  \7$aHistoriografia polska$2DBN
=650  \7$aHistorycy$2DBN
=650  \7$aKultura$2DBN
=651  \7$aPolska$2DBN
=655  \7$aOpracowanie$2DBN
=658  \\$aHistoria
=710  2\$aWydawnictwo Uniwersytetu Marii Curie-Skłodowskiej$eWydawca$4pbl
=852  \\$822711345980005066$j1$h3.216.188 A$bBN_PL$p30001030824629$cbk1
=852  \\$822711345950005066$j1$h3.617.540$bBN_PL$p30001030824612$cbk8
=852  \\$822378594070006831$j1$h22970$bGG08$p1001000982$cInsHis_IHi
=852  \\$822376882420006831$j1$h744405 II$bBuKul$p1001313652$cBG_Magazyn
=852  \\$822598955930005067$j1$h1.036.762 II A$bBJ$p1003115747$cBJ_EGZ_A
=852  \\$822598955870005067$j1$hB 882452 II$bBJ$p1003115748$cBJ_MAG
=852  \\$822422095990006926$j1$hCa.Fde/Pomorski, Jan/Rze/2021$bTORU$p300052363699$cHist_bg
=852  \\$82253559030005069$j1$h105778 W$bLUBL_M$p1001037670$c30000
=910  \\$a744405 II$b22/eo/11757$9local$z48OMNIS_KUL
=915  \\$aUWD 2022/24776
=916  \\$aPomorski, Jan   (1954- )
=920  \\$a978-83-227-9501-9 (oprawa twarda)
=921  2\$aWydawnictwo Uniwersytetu Marii Curie-Skłodowskiej
=923  \\$aWydawnictwo Uniwersytetu Marii Curie-Skłodowskiej
=931  \\$a930.1(438)(091)
=945  2\$b1950$b2020
=946  \\$k2019$l2020
=951  \7$aPolska$2DBN
=955  \7$aOpracowanie$2DBN
=958  \\$aHistoria
=980  \\$aKsiążki
=999  \\$aWBPLdoz$bJD$aBNzkd$bpav$xuwd29$y22
  
