=LDR  01743naa a2200529 i 4500
=001  b1000002382294
=005  20220322142355.0
=008  220321s2022    pl            |0000 pol c
=009  9912662004705606
=015  \\$aPrasa 2022/03/21
=035  \\$a(PL)b1000002382294
=040  \\$aWA N$cWA N$dWA N
=045  0\$bd2022
=046  \\$k2022
=100  1\$aLubczyński, Krzysztof$d(1957- )$eAutor
=245  10$aWróżbitka naszych czasów /$cKrzysztof Lubczyński.
=260  \\$c21-22 III 2022.
=336  \\$aTekst$btxt$2rdacontent
=337  \\$aBez urządzenia pośredniczącego$bn$2rdamedia
=338  \\$aWolumin$bnc$2rdacarrier
=380  \\$aArtykuły
=388  1\$a2001-
=600  17$aTokarczuk, Olga$d(1962- )$2DBN
=610  27$aUniwersytet Warszawski$2DBN
=648  \7$a2001-$2DBN
=650  \7$aDoktor honoris causa$2DBN
=650  \7$aLiteratura polska$2DBN
=651  \7$aWarszawa (woj. mazowieckie)$2DBN
=655  \7$aArtykuł publicystyczny$2DBN
=655  \7$aArtykuł z czasopisma społeczno-politycznego$2DBN
=658  \\$aLiteraturoznawstwo
=773  0\$iW:$tDziennik Trybuna.$x2300-3197$g2022, nr 56/57, s. 12$w(PL)b0000002890472
=915  \\$aPrasa 2022/03/21
=916  \\$aLubczyński, Krzysztof   (1957- )
=945  0\$b2022
=946  \\$k2022
=951  \7$aWarszawa (woj. mazowieckie)$2DBN
=955  \7$aArtykuł publicystyczny$2DBN
=955  \7$aArtykuł z czasopisma społeczno-politycznego$2DBN
=958  \\$aLiteraturoznawstwo
=980  \\$aArtykuły
=999  \\$aBNzkdprasa$bmp
  
