=LDR  01890naa a2200589 a 4500
=001  b1000002396795
=005  20220410132852.1
=008  220406s2022    sw           |000 0 pol c
=009  9912667541505606
=015  \\$aPZ 2022
=035  \\$a(PL)b1000002396795
=040  \\$aWA N$cWA N$dWA N
=041  0\$apol$beng
=045  2\$bd2005$bd2019
=046  \\$k2022
=080  \\$a821.162.1(091)(0.054)
=245  00$aOlgi Tokarczuk szwedzka droga do Nagrody Nobla /$cKrzysztof Stala, Barbara Törnquist-Plewa.
=260  \\$c2022.
=336  \\$aTekst$btxt$2rdacontent
=337  \\$aBez urządzenia pośredniczącego$bn$2rdamedia
=338  \\$aWolumin$bnc$2rdacarrier
=380  \\$aArtykuły
=388  1\$a2001-
=504  \\$aBibliografia na stronach 237-241.
=546  \\$aStreszczenie w języku angielskim.
=600  17$aTokarczuk, Olga$d(1962- )$2DBN
=648  \7$a2001-$2DBN
=650  \7$aKrytyka literacka$2DBN
=650  \7$aLiteratura polska$2DBN
=650  \7$aNagroda Nobla$2DBN
=651  \7$aSzwecja$2DBN
=655  \7$aArtykuł problemowy$2DBN
=658  \\$aLiteraturoznawstwo
=700  1\$aStala, Krzysztof$d(1955- )$eAutor
=773  0\$iW:$tPolsko-szwedzkie spotkania po roku 1918 : literatura - język - kultura,$gs. 220-241$w(PL)b1000002372469
=915  \\$aPZ 2022
=918  1\$aStala, Krzysztof$d(1955- ).
=931  \\$a821.162.1(091)(0.054)
=945  2\$b2005$b2019
=946  \\$k2022
=951  \7$aSzwecja$2DBN
=955  \7$aArtykuł problemowy$2DBN
=958  \\$aLiteraturoznawstwo
=980  \\$aArtykuły
=999  \\$aBNzkdroz$bktk
  
