=LDR  03827nam a2201009 i 4500
=001  b1000002403370
=005  20221021124950.7
=008  220414s2022    pl            |0000 pol c 
=009  9912675281305606
=015  \\$aUWD 2022/12907
=020  \\$a9788324237302$q(oprawa miękka) :$czł 39
=035  \\$a(PL)b1000002403370
=040  \\$aWA N$cWA N$dWA N$dKR U$dLUBL KUL$dKR U
=045  2\$bd1260$bd2022
=046  \\$k2022
=080  \\$a1
=084  \\$a01
=100  1\$aBrejdak, Jaromir$d(1961- )$eAutor
=245  10$aMax Scheler między innymi /$cJaromir Brejdak.
=260  \\$aKraków :$bTowarzystwo Autorów i Wydawców Prac Naukowych Universitas,$ccopyright 2022.
=300  \\$a351, [1] strona ;$c21 cm.
=336  \\$aTekst$btxt$2rdacontent
=337  \\$aBez urządzenia pośredniczącego$bn$2rdamedia
=338  \\$aWolumin$bnc$2rdacarrier
=380  \\$aKsiążki
=388  1\$a2001-
=504  \\$aBibliografia na stronach 327-345. Indeks.
=536  \\$aWspółfinansowanie: Uniwersytet Szczeciński
=600  17$aBonhoeffer, Dietrich$d(1906-1945)$2DBN
=600  17$aFrankl, Viktor E.$d(1905-1997)$2DBN
=600  17$aHeidegger, Martin$d(1889-1976)$2DBN
=600  17$aHusserl, Edmund$d(1859-1938)$2DBN
=600  07$aLuhmann, Niklas$d(1927-1998)$2DBN
=600  07$aMistrz Eckhart$d(ok. 1260-ok. 1328)$2DBN
=600  17$aNietzsche, Friedrich$d(1844-1900)$2DBN
=600  17$aPlessner, Helmuth$d(1892-1985)$2DBN
=600  17$aScheler, Max$d(1874-1928)$2DBN
=600  17$aTaylor, Charles$d(1931- )$2DBN
=600  07$aTeresa Benedykta od Krzyża$c(święta ;$d1891-1942)$2DBN
=600  17$aTischner, Józef$d(1931-2000)$2DBN
=600  17$aTokarczuk, Olga$d(1962- )$2DBN
=600  17$aTomasello, Michael$d(1950- )$2DBN
=648  \7$a1201-1300$2DBN
=648  \7$a1301-1400$2DBN
=648  \7$a1801-1900$2DBN
=648  \7$a1901-2000$2DBN
=650  \7$aAntropologia filozoficzna$2DBN
=650  \7$aFenomenologia$2DBN
=650  \7$aFilozofia amerykańska$2DBN
=650  \7$aFilozofia austriacka$2DBN
=650  \7$aFilozofia kanadyjska$2DBN
=650  \7$aFilozofia niemiecka$2DBN
=650  \7$aFilozofia polska$2DBN
=650  \7$aFilozofia współczesna$2DBN
=655  \7$aOpracowanie$2DBN
=658  \\$aFilozofia i etyka
=710  2\$aTowarzystwo Autorów i Wydawców Prac Naukowych "Universitas"$eWydawca$4pbl
=852  \\$822707956750005066$j1$h3.612.483$bBN_PL$p30001031562971$cbk8
=852  \\$822707956720005066$j1$h3.204.777 A$bBN_PL$p30001031562964$cbk1
=852  \\$822374738490006831$j1$h742224 II$bBuKul$p1001391817$cBG_Magazyn
=852  \\$822376772020006831$j1$hK 5791$bGG05$p1001250339$cWFil_WFil
=852  \\$822590968650005067$j1$h1.031.028 I A$bBJ$p1003079735$cBJ_EGZ_A
=852  \\$822602446780005067$j1$h40698$bFILOZ$p1826038886$cFILOZ_K
=852  \\$822590968580005067$j1$hB 876288 I$bBJ$p1003079736$cBJ_MAG
=910  \\$a742224 II$b22/kk/52$9local$z48OMNIS_KUL
=915  \\$aUWD 2022/12907
=916  \\$aBrejdak, Jaromir   (1961- )
=920  \\$a978-83-242-3730-2 (oprawa miękka) :$czł 39
=921  2\$aTowarzystwo Autorów i Wydawców Prac Naukowych "Universitas"
=923  \\$aTowarzystwo Autorów i Wydawców Prac Naukowych "Universitas"
=931  \\$a1
=945  2\$b1260$b2022
=946  \\$k2022
=955  \7$aOpracowanie$2DBN
=958  \\$aFilozofia i etyka
=980  \\$aKsiążki
=999  \\$aBNzkdeo$bjcn$xuwd15$y22
  
