=LDR  01963naa a2200589 i 4500
=001  b1000002407099
=005  20220531142848.4
=008  220421s2021    pl           |000 0 pol c
=009  9912676892305606
=015  \\$aBZCz 2022/19208
=024  7\$a10.18276/rk.2021.12-04$2doi
=035  \\$a(PL)b1000002407099
=040  \\$aWA N$cWA N$dWA N
=041  0\$apol$beng
=045  0\$bd2021
=046  \\$k2021
=080  \\$a821.162.1(091)(045/046)
=100  1\$aRzymowska, Luiza$eAutor
=245  10$aPowrót do "Lalki i perły" :$bo wartości eseju Olgi Tokarczuk w ujęciu komparatystycznym /$cLuiza Rzymowska (Uniwersytet Wrocławski).
=260  \\$c2021.
=336  \\$aTekst$btxt$2rdacontent
=337  \\$aBez urządzenia pośredniczącego$bn$2rdamedia
=338  \\$aWolumin$bnc$2rdacarrier
=380  \\$aArtykuły
=388  1\$a2001-
=504  \\$aBibliografia na stronach 127-130.
=546  \\$aStreszczenie w języku angielskim.
=600  17$aTokarczuk, Olga$d(1962- ).$tLalka i perła$2DBN
=648  \7$a2001-$2DBN
=650  \7$aEsej$2DBN
=650  \7$aKomparatystyka$2DBN
=655  \7$aArtykuł problemowy$2DBN
=655  \7$aArtykuł z czasopisma filologicznego$2DBN
=658  \\$aLiteraturoznawstwo
=710  2\$aUniwersytet Wrocławski$4oth
=773  0\$iW:$tRocznik Komparatystyczny.$x2081-8718.$g2021, nr 12, s. 95-130$w(PL)b0000002535298
=915  \\$aBZCz 2022/19208
=916  \\$aRzymowska, Luiza   
=921  2\$aUniwersytet Wrocławski
=931  \\$a821.162.1(091)(045/046)
=945  0\$b2021
=946  \\$k2021
=955  \7$aArtykuł problemowy$2DBN
=955  \7$aArtykuł z czasopisma filologicznego$2DBN
=958  \\$aLiteraturoznawstwo
=980  \\$aArtykuły
=999  \\$aBNzkdbzcz$bans$x04$y2022
  
