=LDR  02134naa a2200601 i 4500
=001  b1000002407102
=005  20220531142848.4
=008  220421s2021    pl           |000 0 pol c
=009  9912676891405606
=015  \\$aBZCz 2022/19230
=024  7\$a10.18276/rk.2021.12-05$2doi
=035  \\$a(PL)b1000002407102
=040  \\$aWA N$cWA N$dWA N
=041  0\$apol$beng
=045  0\$bd2018
=046  \\$k2021
=080  \\$a821.162.1(091)(045/046)
=100  1\$aSordyl, Klaudia$eAutor
=245  10$aPrefiguracja a historiografia Haydena White’a w opowiadaniu "Zielone dzieci" Olgi Tokarczuk /$cKlaudia Sordyl (Uniwersytet Pedagogiczny im. KEN w Krakowie).
=260  \\$c2021.
=336  \\$aTekst$btxt$2rdacontent
=337  \\$aBez urządzenia pośredniczącego$bn$2rdamedia
=338  \\$aWolumin$bnc$2rdacarrier
=380  \\$aArtykuły
=388  1\$a2001-
=504  \\$aBibliografia na stronach 147-148.
=546  \\$aStreszczenie w języku angielskim.
=600  17$aTokarczuk, Olga$d(1962- ).$tZielone dzieci$2DBN
=648  \7$a2001-$2DBN
=650  \7$aHistoriografia$2DBN
=650  \7$aLiteratura polska$2DBN
=655  \7$aArtykuł problemowy$2DBN
=655  \7$aArtykuł z czasopisma filologicznego$2DBN
=658  \\$aLiteraturoznawstwo
=710  2\$aUniwersytet Pedagogiczny im. Komisji Edukacji Narodowej (Kraków)$4oth
=773  0\$iW:$tRocznik Komparatystyczny.$x2081-8718.$g2021, nr 12, s. 131-145$w(PL)b0000002535298
=915  \\$aBZCz 2022/19230
=916  \\$aSordyl, Klaudia   
=921  2\$aUniwersytet Pedagogiczny im. Komisji Edukacji Narodowej (Kraków)
=931  \\$a821.162.1(091)(045/046)
=945  0\$b2018
=946  \\$k2021
=955  \7$aArtykuł problemowy$2DBN
=955  \7$aArtykuł z czasopisma filologicznego$2DBN
=958  \\$aLiteraturoznawstwo
=980  \\$aArtykuły
=999  \\$aBNzkdbzcz$bans$x04$y2022
  
