=LDR  01489naa a2200481 i 4500
=001  b1000002422034
=005  20220427114727.6
=008  220426s2022    pl            |0000 pol c
=009  9912679076305606
=015  \\$aPrasa 2022/04/26
=035  \\$a(PL)b1000002422034
=040  \\$aWA N$cWA N$dWA N
=045  0\$bd2022
=046  \\$k2022
=100  1\$aNogaś, Michał$d(1978- )$eAutor
=245  10$aPierwsza powieść po Noblu :$b"Empuzjon" /$cMichał Nogaś.
=260  \\$c12 IV 2022.
=336  \\$aTekst$btxt$2rdacontent
=337  \\$aBez urządzenia pośredniczącego$bn$2rdamedia
=338  \\$aWolumin$bnc$2rdacarrier
=380  \\$aArtykuły
=388  1\$a2001-
=600  17$aTokarczuk, Olga$d(1962- ).$tEmpuzjon$2DBN
=648  \7$a2001-$2DBN
=650  \7$aLiteratura polska$2DBN
=651  \7$aPolska$2DBN
=655  \7$aArtykuł publicystyczny$2DBN
=658  \\$aLiteraturoznawstwo
=773  0\$iW:$tGazeta Wyborcza (Wyd. zasadnicze).$x0860-908X$g2022, nr 85, s. 2$w(PL)b0000001301576
=915  \\$aPrasa 2022/04/26
=916  \\$aNogaś, Michał   (1978- )
=945  0\$b2022
=946  \\$k2022
=951  \7$aPolska$2DBN
=955  \7$aArtykuł publicystyczny$2DBN
=958  \\$aLiteraturoznawstwo
=980  \\$aArtykuły
=999  \\$aBNzkdprasa$bmp
  
