=LDR  01808naa a2200553 i 4500
=001  b1000002432184
=005  20220511212659.9
=008  220510s2022    pl           |000 0 pol c
=009  9912689496805606
=035  \\$a(PL)b1000002432184
=040  \\$aWA N$cWA N$dWA N
=045  0\$bd2020
=046  \\$k2022
=080  \\$a821.162.1(091)(045/046)
=100  1\$aZając, Antoni$d(1996- )$eAutor
=245  10$aW poszukiwaniu nowego uniwersalizmu :$bo "Czułym narratorze" Olgi Tokarczuk i trzech pytaniach stawianych przez literaturę współczesną /$cAntoni Zając (Uniwersytet Warszawski).
=260  \\$c2022.
=336  \\$aTekst$btxt$2rdacontent
=337  \\$aBez urządzenia pośredniczącego$bn$2rdamedia
=338  \\$aWolumin$bnc$2rdacarrier
=380  \\$aArtykuły
=388  1\$a2001-
=504  \\$aBibliografia na stronach 347-351.
=600  17$aTokarczuk, Olga$d(1962- ).$tCzuły narrator$2DBN
=648  \7$a2001-$2DBN
=650  \7$aEsej$2DBN
=650  \7$aFikcja literacka$2DBN
=650  \7$aLiteratura polska$2DBN
=650  \7$aMit$2DBN
=650  \7$aNarracja$2DBN
=650  \7$aTwórczość$2DBN
=655  \7$aArtykuł problemowy$2DBN
=658  \\$aLiteraturoznawstwo
=710  2\$aUniwersytet Warszawski$4oth
=773  0\$iW:$tJęzyki literatury współczesnej$gs. 326-351$w(PL)b1000002397736
=916  \\$aZając, Antoni   (1996- )
=921  2\$aUniwersytet Warszawski
=931  \\$a821.162.1(091)(045/046)
=945  0\$b2020
=946  \\$k2022
=955  \7$aArtykuł problemowy$2DBN
=958  \\$aLiteraturoznawstwo
=980  \\$aArtykuły
=999  \\$aBNzkdroz$brs
  
