=LDR  02152naa a2200589 i 4500
=001  b1000002432761
=005  20230121140711.4
=008  220511s2021    pl           |000 0 pol c
=009  9912689493705606
=015  \\$aBZCz 2022/24828
=024  7\$a10.26485/ZRL/2021/64.2/2$2doi
=035  \\$a(PL)b1000002432761
=040  \\$aWA N$cWA N$dWA N
=041  0\$apol$beng
=046  \\$k2021
=080  \\$a821.162.1(091)(045/046)
=100  1\$aCałek, Anita$eAutor
=245  10$aNarracja w biografii :$bod ustanawiania sensu do budowania relacji /$cAnita Całek (Uniwersytet Jagielloński).
=260  \\$c2021.
=336  \\$aTekst$btxt$2rdacontent
=337  \\$aBez urządzenia pośredniczącego$bn$2rdamedia
=338  \\$aWolumin$bnc$2rdacarrier
=380  \\$aArtykuły
=388  1\$a2001-
=504  \\$aBibliografia na stronach. 41-43
=546  \\$aStreszczenie w języku angielskim.
=600  17$aTokarczuk, Olga$d(1962- ).$tCzuły narrator$2DBN
=650  \7$aBiografia$2DBN
=650  \7$aLiteratura polska$2DBN
=650  \7$aNarracja$2DBN
=650  \7$aPodmiot literacki$2DBN
=655  \7$aArtykuł problemowy$2DBN
=655  \7$aArtykuł z czasopisma filologicznego$2DBN
=658  \\$aLiteraturoznawstwo
=710  2\$aUniwersytet Jagielloński$4oth
=773  0\$iW:$tZagadnienia Rodzajów Literackich.$x0084-4446$gT. 64, z. 2 (2021), s. 27-43$w(PL)b0000001527509
=915  \\$aBZCz 2022/24828
=916  \\$aCałek, Anita   
=921  2\$aUniwersytet Jagielloński
=931  \\$a821.162.1(091)(045/046)
=946  \\$k2021
=950  \\$uhttps://eu05.alma.exlibrisgroup.com/view/uresolver/48OMNIS_NETWORK/openurl?u.ignore_date_coverage=true&portfolio_pid=53717921450005066&Force_direct=true$zZobacz w Polonie$853717921450005066
=955  \7$aArtykuł problemowy$2DBN
=955  \7$aArtykuł z czasopisma filologicznego$2DBN
=958  \\$aLiteraturoznawstwo
=980  \\$aArtykuły
=999  \\$aBNzkdbzcz$brs$x05$y2022
  
