=LDR  02050naa a2200589 i 4500
=001  b1000002439503
=005  20220519195433.1
=008  220519s2021    pl           |000 0 pol c
=009  9912692339205606
=035  \\$a(PL)b1000002439503
=040  \\$aWA N$cWA N$dWA N
=041  0\$apol$beng
=045  0\$bd1995
=046  \\$k2021
=080  \\$a821.162.1(091)(045/046)
=100  1\$aTargosz, Daria$eAutor
=245  10$aCielesność i ciało w "E.E." Olgi Tokarczuk /$cDaria Targosz (Uniwersytet Pedagogiczny im. Komisji Edukacji Narodowej w Krakowie).
=260  \\$c2021.
=336  \\$aTekst$btxt$2rdacontent
=337  \\$aBez urządzenia pośredniczącego$bn$2rdamedia
=338  \\$aWolumin$bnc$2rdacarrier
=380  \\$aArtykuły
=388  1\$a2001-
=504  \\$aBibliografia na stronie 68.
=546  \\$aStreszczenie w języku angielskim.
=600  17$aTokarczuk, Olga$d(1962- ).$tE. E.$2DBN
=648  \7$a1901-2000$2DBN
=650  \7$aCiało ludzkie$2DBN
=650  \7$aCielesność$2DBN
=650  \7$aLiteratura polska$2DBN
=650  \7$aPowieść$2DBN
=655  \7$aArtykuł problemowy$2DBN
=655  \7$aArtykuł z czasopisma filologicznego$2DBN
=658  \\$aLiteraturoznawstwo
=710  2\$aUniwersytet Pedagogiczny im. Komisji Edukacji Narodowej (Kraków)$4oth
=773  0\$iW:$tHeteroglossia : studia kulturoznawczo-filologiczne.$x2084-1302$g2021, nr 11, s. 57-69$w(PL)b0000002706176
=916  \\$aTargosz, Daria   
=921  2\$aUniwersytet Pedagogiczny im. Komisji Edukacji Narodowej (Kraków)
=931  \\$a821.162.1(091)(045/046)
=945  0\$b1995
=946  \\$k2021
=955  \7$aArtykuł problemowy$2DBN
=955  \7$aArtykuł z czasopisma filologicznego$2DBN
=958  \\$aLiteraturoznawstwo
=980  \\$aArtykuły
=999  \\$aBNzkdbzcz$bans$x05$y2021
  
