=LDR  01496naa a2200469 i 4500
=001  b1000002442619
=005  20220524154419.5
=008  220523s2022    pl            000 0 pol  
=009  9912694891705606
=015  \\$aPrasa 2022/05/23
=035  \\$a(PL)b1000002442619
=040  \\$aBPTOR$cBPTOR$dWA N
=045  0\$bd2022
=046  \\$k2022
=100  1\$aTokarczuk, Olga$d(1962- )$eWywiad
=245  10$aCzuły narrator w trybie wojennym źle się czuje /$cOlga Tokarczuk ; rozmawia Tomasz Lis.
=260  \\$c23-29 V 2022.
=336  \\$aTekst$btxt$2rdacontent
=337  \\$aBez urządzenia pośredniczącego$bn$2rdamedia
=338  \\$aWolumin$bnc$2rdacarrier
=380  \\$aArtykuły
=388  1\$a2001-
=600  17$aTokarczuk, Olga$d(1962- )$2DBN
=648  \7$a2001-$2DBN
=650  \7$aPisarze polscy$2DBN
=655  \7$aArtykuł publicystyczny$2DBN
=658  \\$aLiteraturoznawstwo
=700  1\$aLis, Tomasz$d(1966- )$eWywiad
=773  0\$iW:$tNewsweek Polska.$x1642-5685$g2022, nr 21, s. 10-16$w(PL)b0000001458514
=915  \\$aPrasa 2022/05/23
=916  \\$aTokarczuk, Olga   (1962- ).
=918  1\$aLis, Tomasz$d(1966- ).
=945  0\$b2022
=946  \\$k2022
=955  \7$aArtykuł publicystyczny$2DBN
=958  \\$aLiteraturoznawstwo
=980  \\$aArtykuły
=999  \\$aBPTOR$baw
  
