=LDR  01691naa a2200505 i 4500
=001  b1000002443137
=005  20220525155438.4
=008  220524s2022    pl            |0000 pol c
=009  9912693579905606
=015  \\$aPrasa 2022/05/24
=035  \\$a(PL)b1000002443137
=040  \\$aWA N$cWA N$dWA N
=045  2\$bd2008$bd2022
=046  \\$k2022
=100  1\$aTokarczuk, Olga$d(1962- )$eWywiad
=245  10$aW poszukiwaniu lustra /$cz Olgą Tokarczuk, pisarką, laureatką Nagrody Nobla w dziedzinie literatury za rok 2018, rozmawia Michał Nogaś.
=260  \\$c21-22 V 2022.
=336  \\$aTekst$btxt$2rdacontent
=337  \\$aBez urządzenia pośredniczącego$bn$2rdamedia
=338  \\$aWolumin$bnc$2rdacarrier
=380  \\$aArtykuły
=388  1\$a2001-
=600  17$aTokarczuk, Olga$d(1962- ).$tEmpuzjon$2DBN
=648  \7$a2001-$2DBN
=650  \7$aLiteratura polska$2DBN
=650  \7$aPisarze polscy$2DBN
=650  \7$aPowieść$2DBN
=655  \7$aArtykuł z gazety$2DBN
=658  \\$aLiteraturoznawstwo
=700  1\$aNogaś, Michał$d(1978- )$eWywiad
=773  0\$iW:$tGazeta Wyborcza (Wyd. zasadnicze).$x0860-908X$g2022, nr 117, s. 18-21$w(PL)b0000001301576
=915  \\$aPrasa 2022/05/24
=916  \\$aTokarczuk, Olga   (1962- )
=918  1\$aNogaś, Michał$d(1978- )
=945  2\$b2008$b2022
=946  \\$k2022
=955  \7$aArtykuł z gazety$2DBN
=958  \\$aLiteraturoznawstwo
=980  \\$aArtykuły
=999  \\$aBNzkdprasa$bjkr
  
