=LDR  01743naa a2200481 i 4500
=001  b1000002445332
=005  20220527135829.1
=008  220526s2021    pl           |000 0 pol c
=009  9912695155805606
=035  \\$a(PL)b1000002445332
=040  \\$aWA N$cWA N$dWA N
=046  \\$k2021
=080  \\$a80/81(045/046)
=100  1\$aMałgorzewicz, Anna$eAutor
=245  10$aŚladem myśli naukowej Profesora Jerzego Żmudzkiego :$brozważania o statusie ontologicznym komunikacji międzyludzkiej /$cAnna Małgorzewicz (Uniwersytet Wrocławski).
=246  30$aRozważania o statusie ontologicznym komunikacji międzyludzkiej
=260  \\$c2021.
=336  \\$aTekst$btxt$2rdacontent
=337  \\$aBez urządzenia pośredniczącego$bn$2rdamedia
=338  \\$aWolumin$bnc$2rdacarrier
=380  \\$aArtykuły
=388  1\$a2001-
=504  \\$aBibliografia na stronach 48-49.
=600  17$aTokarczuk, Olga$d(1962- )$2DBN
=650  \7$aKomunikacja werbalna$2DBN
=655  \7$aArtykuł problemowy$2DBN
=658  \\$aJęzykoznawstwo
=710  2\$aUniwersytet Wrocławski$4oth
=773  0\$iW:$tTeksty, komunikacja, translacja w perspektywie antropocentrycznej : studia dedykowane Panu Profesorowi Jerzemu Żmudzkiemu$gs. 39-49$w(PL)b1000001060430
=916  \\$aMałgorzewicz, Anna   
=921  2\$aUniwersytet Wrocławski
=931  \\$a80/81(045/046)
=946  \\$k2021
=955  \7$aArtykuł problemowy$2DBN
=958  \\$aJęzykoznawstwo
=980  \\$aArtykuły
=999  \\$aBNzkdroz$bsg
  
