=LDR  02496nam a2200661 i 4500
=001  b1000002445821
=005  20220922135519.4
=006  m     o  d |      
=007  cr#cn#nnnann|n
=008  220526s2021    pl           |001 0 pol c
=009  9912694246105606
=020  \\$a9788366448971
=035  \\$a(PL)b1000002445821
=040  \\$aKR U$cKR U$dKR U
=041  0\$apol$beng
=046  \\$k2021
=100  1\$aŚwierkosz, Monika$c(literaturoznawstwo)$eAutor
=245  10$aW przestrzeniach tradycji :$bproza Izabeli Filipiak i Olgi Tokarczuk w sporach o literaturę, kanon i feminizm /$cMonika Świerkosz.
=246  30$aProza Izabeli Filipiak i Olgi Tokarczuk w sporach o literaturę, kanon i feminizm
=256  \\$aDane tekstowe.
=260  \\$aWarszawa :$bInstytut Badań Literackich PAN. Wydawnictwo :$bStowarzyszenie Pro Cultura Litteraria,$c2021.
=336  \\$aTekst$btxt$2rdacontent
=337  \\$aKomputer$bc$2rdamedia
=338  \\$aDokument online$bcr$2rdacarrier
=347  \\$aPlik tekstowy$bPDF$c2,96 MB
=380  \\$aE-booki
=388  1\$a2001-
=490  1\$aLupa Obscura
=500  \\$aTytuł z ekranu tytułowego.
=504  \\$aBibliografia na stronach 364-380. Indeks.
=530  \\$aDostępne również w formie drukowanej.
=538  \\$aTryb dostępu: online.
=546  \\$aStreszczenie w języku angielskim.
=600  17$aMorska, Izabela$d(1961- )$2DBN
=650  \7$aFeminizm$2DBN
=655  \7$aMonografia$2DBN
=658  \\$aLiteraturoznawstwo
=710  2\$aWydawnictwo IBL$eWydawca$4pbl
=830  \0$aLupa Obscura
=852  \\$822591472740005067$j1$hBJ Oz 004082$bBJ$pRUJ18333$cBJ_REPO
=902  \\$en
=916  \\$aŚwierkosz, Monika  (literaturoznawstwo) 
=920  \\$a978-83-66448-97-1
=921  2\$aWydawnictwo IBL
=923  \\$aWydawnictwo IBL
=946  \\$k2021
=950  \\$uhttps://eu05.alma.exlibrisgroup.com/view/uresolver/48OMNIS_NETWORK/openurl?u.ignore_date_coverage=true&portfolio_pid=53591472750005067&Force_direct=true$zRepozytorium Uniwersytetu Jagiellońskiego$853591472750005067
=955  \7$aMonografia$2DBN
=958  \\$aLiteraturoznawstwo
=980  \\$aE-booki
=999  \\$aBJ$bJW
  
