=LDR  02025naa a2200649 i 4500
=001  b1000002447678
=005  20220531142848.4
=008  220530s2021    pl           |000 0 pol c
=009  9912694823505606
=035  \\$a(PL)b1000002447678
=040  \\$aWA N$cWA N$dWA N
=041  0\$apol
=045  2\$bd1972$bd2020
=046  \\$k2021
=080  \\$81.1\x$a821.162.1(091)(045/046)
=080  \\$81.2\x$a316(045/046)
=100  1\$aMalinowski, Ludwik$d(1935- )$eAutor
=245  10$aLiteratura i pamięć /$cLudwik Malinowski.
=260  \\$c2021.
=336  \\$aTekst$btxt$2rdacontent
=337  \\$aBez urządzenia pośredniczącego$bn$2rdamedia
=338  \\$aWolumin$bnc$2rdacarrier
=380  \\$aArtykuły
=388  1\$a2001-
=600  17$aLeszczyński, Adam$d(1975- ).$tLudowa historia Polski$2DBN
=600  17$aRóżewicz, Tadeusz$d(1921-2014).$tDo piachu$2DBN
=648  \7$a1945-1989$2DBN
=650  \7$aHistoria kultury$2DBN
=650  \7$aKryzys kultury$2DBN
=650  \7$aLiteratura polska$2DBN
=651  \7$aPolska$2DBN
=655  \7$aArtykuł problemowy$2DBN
=658  \\$aHistoria
=658  \\$aLiteraturoznawstwo
=773  0\$iW:$tKultura wobec kryzysu :  Polska i świat,$gs. 210-227$w(PL)b1000001075484
=916  \\$aMalinowski, Ludwik   (1935- )
=931  \\$a821.162.1(091)(045/046)
=931  \\$a316(045/046)
=945  2\$b1972$b2020
=946  \\$k2021
=951  \7$aPolska$2DBN
=955  \7$aArtykuł problemowy$2DBN
=958  \\$aHistoria
=958  \\$aLiteraturoznawstwo
=980  \\$aArtykuły
=999  \\$aBNzkdroz$bkux
  
