=LDR  01952naa a2200601 i 4500
=001  b1000002449446
=005  20220601123728.8
=008  220531s2022    pl            |0000 pol c 
=009  9912696166505606
=015  \\$aPrasa 2022/05/31
=035  \\$a(PL)b1000002449446
=040  \\$aGD W$cGD W$dWA N
=045  0\$bd2022
=046  \\$k2022
=100  1\$aCieślak, Jacek$eAutor
=245  10$aHorror kobiety, horror mężczyzny /$cJacek Cieślak.
=260  \\$c28-29 V 2022.
=336  \\$aTekst$btxt$2rdacontent
=337  \\$aBez urządzenia pośredniczącego$bn$2rdamedia
=338  \\$aWolumin$bnc$2rdacarrier
=380  \\$aArtykuły
=388  1\$a2001-
=520  8\$aO powieści Olgi Tokarczuk "Empuzjon".
=600  17$aBiskupska, Bożenna$d(1952- )$2DBN
=648  \7$a2001-$2DBN
=650  \7$aArtyści polscy$2DBN
=650  \7$aLiteratura polska$2DBN
=650  \7$aPisarze polscy$2DBN
=650  \7$aPowieść$2DBN
=650  \7$aTematy i motywy$2DBN
=651  \7$aSokołowsko (woj. dolnośląskie, pow. wałbrzyski, gm. Mieroszów)$2DBN
=655  \7$aArtykuł publicystyczny$2DBN
=658  \\$aHistoria
=658  \\$aKultura i sztuka
=773  0\$iW:$tRzeczpospolita (Wyd. zasadnicze).$x0208-9130$g2022, nr 123, s. 24-26$w(PL)b0000001472831
=915  \\$aPrasa 2022/05/31
=916  \\$aCieślak, Jacek.   
=945  0\$b2022
=946  \\$k2022
=951  \7$aSokołowsko (woj. dolnośląskie, pow. wałbrzyski, gm. Mieroszów)$2DBN
=955  \7$aArtykuł publicystyczny$2DBN
=958  \\$aHistoria
=958  \\$aKultura i sztuka
=980  \\$aArtykuły
=999  \\$aGD W$bim
  
