=LDR  01838naa a2200553 i 4500
=001  b1000002451138
=005  20220603124046.6
=008  220602s2020    pl           |000 0 pol c
=009  9912697363205606
=035  \\$a(PL)b1000002451138
=040  \\$aWA N$cWA N$dWA N
=041  0\$apol$beng
=045  0\$bd2018
=046  \\$k2020
=080  \\$a821.162.1(091)(045/046)
=100  1\$aBurkacka, Iwona$eAutor
=245  10$aSłowa zahaczki w "Opowiadaniach bizarnych" Olgi Tokarczuk /$cIwona Burkacka (Uniwersytet Warszawski).
=260  \\$c2020.
=336  \\$aTekst$btxt$2rdacontent
=337  \\$aBez urządzenia pośredniczącego$bn$2rdamedia
=338  \\$aWolumin$bnc$2rdacarrier
=380  \\$aArtykuły
=388  1\$a2001-
=504  \\$aBibliografia, netografia na stronach 122-125.
=546  \\$aStreszczenie w języku angielskim.
=600  17$aTokarczuk, Olga$d(1962- ).$tOpowiadania bizarne$2DBN
=648  \7$a2001-$2DBN
=650  \7$aLiteratura polska$2DBN
=650  \7$aNeologizmy$2DBN
=650  \7$aOpowiadania i nowele$2DBN
=650  \7$aSłownictwo$2DBN
=655  \7$aArtykuł problemowy$2DBN
=658  \\$aLiteraturoznawstwo
=710  2\$aUniwersytet Warszawski$4oth
=773  0\$iW:$t"Ojczysta święta mowo!... wiąże nas twoje słowo" : polszczyzna w perspektywie diachronicznej : studia i szkice$gs. 107-125$w(PL)b1000001134145
=916  \\$aBurkacka, Iwona   
=921  2\$aUniwersytet Warszawski
=931  \\$a821.162.1(091)(045/046)
=945  0\$b2018
=946  \\$k2020
=955  \7$aArtykuł problemowy$2DBN
=958  \\$aLiteraturoznawstwo
=980  \\$aArtykuły
=999  \\$aBNzkdroz$bsg
  
