=LDR  02033naa a2200625 i 4500
=001  b1000002451904
=005  20220702135759.3
=008  220602s2021    pl           |000 0 pol c
=009  9912697354205606
=015  \\$aBZCz 2022/24877
=035  \\$a(PL)b1000002451904
=040  \\$aWA N$cWA N$dWA N
=041  0\$apol$beng
=045  2\$bd1998$bd2018
=046  \\$k2021
=080  \\$a821.162.1(091)(045/046)
=100  1\$aJagodzka, Magdalena$eAutor
=245  10$aWilki z Krainy Metaksy /$cMagdalena Jagodzka.
=260  \\$c2021.
=336  \\$aTekst$btxt$2rdacontent
=337  \\$aBez urządzenia pośredniczącego$bn$2rdamedia
=338  \\$aWolumin$bnc$2rdacarrier
=380  \\$aArtykuły
=388  1\$a2001-
=504  \\$aBibliografia, netografia na stronach 240-241.
=546  \\$aStreszczenie w języku angielskim.
=600  17$aTokarczuk, Olga$d(1962- ).$tDom dzienny, dom nocny$2DBN
=648  \7$a1901-2000$2DBN
=648  \7$a1989-2000$2DBN
=650  \7$aLiteratura polska$2DBN
=650  \7$aLudzie a zwierzęta$2DBN
=650  \7$aOpowiadania i nowele$2DBN
=650  \7$aPowieść$2DBN
=650  \7$aWilk$2DBN
=655  \7$aArtykuł problemowy$2DBN
=655  \7$aArtykuł z czasopisma literackiego$2DBN
=658  \\$aLiteraturoznawstwo
=773  0\$iW:$tFraza : pismo literacko-społeczne.$x1230-4832.$gR. 29, nr 4 (2021), s. 231-241$w(PL)b0000001301036
=915  \\$aBZCz 2022/24877
=916  \\$aJagodzka, Magdalena   
=931  \\$a821.162.1(091)(045/046)
=945  2\$b1998$b2018
=946  \\$k2021
=955  \7$aArtykuł problemowy$2DBN
=955  \7$aArtykuł z czasopisma literackiego$2DBN
=958  \\$aLiteraturoznawstwo
=980  \\$aArtykuły
=999  \\$aBNzkdbzcz$bjjk$x05$y2022
  
