=LDR  01937naa a2200565 i 4500
=001  b1000002451950
=005  20220604132808.3
=008  220603s2022    pl            |0000 pol c
=009  9912708781805606
=015  \\$aPrasa 2022/06/03
=035  \\$a(PL)b1000002451950
=040  \\$aWA N$cWA N$dWA N
=045  0\$bd2022
=046  \\$k2022
=100  1\$aNguyễn, Văn Thái$eWywiad
=245  10$aWyobraźnia Olgi Tokarczuk powędruje do Wietnamu /$cz Nguyen Van Thai, autorem przekładu powieści "Bieguni" Olgi Tokarczuk na język wietnamski, rozmawia Krzysztof Lubczyński.
=260  \\$c30-31 V 2022.
=336  \\$aTekst$btxt$2rdacontent
=337  \\$aBez urządzenia pośredniczącego$bn$2rdamedia
=338  \\$aWolumin$bnc$2rdacarrier
=380  \\$aArtykuły
=388  1\$a2001-
=600  17$aNguyễn, Văn Thái$2DBN
=648  \7$a2001-$2DBN
=650  \7$aLiteratura polska$2DBN
=650  \7$aPisarze polscy$2DBN
=650  \7$aPrzekłady$2DBN
=651  \7$aWietnam$2DBN
=655  \7$aArtykuł z czasopisma społeczno-politycznego$2DBN
=655  \7$aArtykuł z gazety$2DBN
=658  \\$aLiteraturoznawstwo
=700  1\$aLubczyński, Krzysztof$d(1957- )$eWywiad
=773  0\$iW:$tDziennik Trybuna.$x2300-3197$g2022, nr 106/107, s. 13$w(PL)b0000002890472
=915  \\$aPrasa 2022/06/03
=916  \\$aNguyễn, Văn Thái   
=918  1\$aLubczyński, Krzysztof$d(1957- )
=945  0\$b2022
=946  \\$k2022
=951  \7$aWietnam$2DBN
=955  \7$aArtykuł z czasopisma społeczno-politycznego$2DBN
=955  \7$aArtykuł z gazety$2DBN
=958  \\$aLiteraturoznawstwo
=980  \\$aArtykuły
=999  \\$aBNzkdprasa$bmp
  
