=LDR  01434naa a2200457 i 4500
=001  b1000002451966
=005  20220604132808.3
=008  220603s2022    pl            |0000 pol c
=009  9912708778105606
=015  \\$aPrasa 2022/06/03
=035  \\$a(PL)b1000002451966
=040  \\$aWA N$cWA N$dWA N
=045  0\$b2022
=046  \\$k2022
=245  00$aNowa powieść Olgi Tokarczuk.
=260  \\$c1-2 VI 2022.
=336  \\$aTekst$btxt$2rdacontent
=337  \\$aBez urządzenia pośredniczącego$bn$2rdamedia
=338  \\$aWolumin$bnc$2rdacarrier
=380  \\$aArtykuły
=388  1\$a2001-
=600  17$aTokarczuk, Olga$d(1962- ).$tEmpuzjon$2DBN
=648  \7$a2001-$2DBN
=650  \7$aLiteratura polska$2DBN
=655  \7$aArtykuł publicystyczny$2DBN
=655  \7$aArtykuł z czasopisma społeczno-politycznego$2DBN
=658  \\$aLiteraturoznawstwo
=773  0\$iW:$tDziennik Trybuna.$x2300-3197$g2022, nr 108/109, s. 13$w(PL)b0000002890472
=915  \\$aPrasa 2022/06/03
=945  0\$b2022
=946  \\$k2022
=955  \7$aArtykuł publicystyczny$2DBN
=955  \7$aArtykuł z czasopisma społeczno-politycznego$2DBN
=958  \\$aLiteraturoznawstwo
=980  \\$aArtykuły
=999  \\$aBNzkdprasa$bmp
  
