=LDR  01638naa a2200493 i 4500
=001  b1000002452420
=005  20220604132808.3
=008  220603s2020    pl           |000 0 pol c
=009  9912697346905606
=035  \\$a(PL)b1000002452420
=040  \\$aWA N$cWA N$dWA N
=041  0\$apol$beng
=046  \\$k2020
=080  \\$a821.162.1(091)(045/046)
=100  1\$aSławkowa, Ewa$eAutor
=245  10$aO metaforze osmotycznej w twórczości Olgi Tokarczuk /$cEwa Sławkowa (Uniwersytet Śląski).
=260  \\$c2020.
=336  \\$aTekst$btxt$2rdacontent
=337  \\$aBez urządzenia pośredniczącego$bn$2rdamedia
=338  \\$aWolumin$bnc$2rdacarrier
=380  \\$aArtykuły
=388  1\$a2001-
=504  \\$aBibliografia na stronie 504.
=546  \\$aStreszczenie w języku angielskim.
=600  17$aTokarczuk, Olga$d(1962- )$2DBN
=650  \7$aLiteratura polska$2DBN
=650  \7$aProza$2DBN
=655  \7$aArtykuł problemowy$2DBN
=658  \\$aLiteraturoznawstwo
=710  2\$aUniwersytet Śląski$4oth
=773  0\$iW:$t"Ojczysta święta mowo!... wiąże nas twoje słowo" : polszczyzna w perspektywie diachronicznej : studia i szkice$gs. 493-505$w(PL)b1000001134145
=916  \\$aSławkowa, Ewa   
=921  2\$aUniwersytet Śląski
=931  \\$a821.162.1(091)(045/046)
=946  \\$k2020
=955  \7$aArtykuł problemowy$2DBN
=958  \\$aLiteraturoznawstwo
=980  \\$aArtykuły
=999  \\$aBNzkdroz$bsg
  
