=LDR  02061naa a2200577 i 4500
=001  b1000002452931
=005  20220708163857.0
=008  220604s2022    pl       o    000 0 pol c
=009  9912708768505606
=015  \\$aPrasa 2022/06/03
=035  \\$a(PL)b1000002452931
=040  \\$aKR M$cKR M$dWA N
=045  2\$bd1912$bd2022
=046  \\$k2022
=100  1\$aKoziołek, Ryszard$d(1966- )$eRecenzja
=245  10$aRozbieranie :$bOlga Tokarczuk sięgnęła po klejnot literacki w postaci Sokołowska, wsi i sanatorium, które było rzeczywistym prototypem Berghofu z "Czarodziejskiej góry" /$cRyszard Koziołek.
=260  \\$c29 V 2022.
=336  \\$aTekst$btxt$2rdacontent
=337  \\$aBez urządzenia pośredniczącego$bn$2rdamedia
=338  \\$aWolumin$bnc$2rdacarrier
=380  \\$aArtykuły
=388  1\$a2001-
=600  17$aMann, Thomas$d(1875-1955).$tZauberberg$2DBN
=648  \7$a1901-2000$2DBN
=650  \7$aLiteratura niemiecka$2DBN
=650  \7$aLiteratura polska$2DBN
=650  \7$aPowieść$2DBN
=651  \7$aNiemcy$2DBN
=655  \7$aArtykuł z czasopisma katolickiego$2DBN
=655  \7$aArtykuł z czasopisma kulturalnego$2DBN
=655  \7$aArtykuł z czasopisma społeczno-politycznego$2DBN
=658  \\$aLiteraturoznawstwo
=773  0\$iW:$tTygodnik Powszechny : katolickie pismo społeczno-kulturalne.$x0041-4808.$g2022, nr 22, s. 63-65$w(PL)b0000001298071
=915  \\$aPrasa 2022/06/03
=916  \\$aKoziołek, Ryszard   (1966- )
=945  2\$b1912$b2022
=946  \\$k2022
=951  \7$aNiemcy$2DBN
=955  \7$aArtykuł z czasopisma katolickiego$2DBN
=955  \7$aArtykuł z czasopisma kulturalnego$2DBN
=955  \7$aArtykuł z czasopisma społeczno-politycznego$2DBN
=958  \\$aLiteraturoznawstwo
=980  \\$aArtykuły
=999  \\$aKR M$bgz
  
