=LDR  02432naa a2200697 i 4500
=001  b1000002589020
=005  20220909135754.5
=008  220610s2021    pl           |000 0 pol c
=009  9912715269405606
=015  \\$aBZCz 2022/30225
=024  7\$a10.14746/pt.2021.36.16.$2doi
=035  \\$a(PL)b1000002589020
=040  \\$aWA N$cWA N$dWA N
=041  0\$apol$beng
=045  2\$bd1996$bd2019
=046  \\$k2021
=080  \\$81.1\x$a821.162.1(091)(045/046)
=100  1\$aWróblewska, Halina Monika$eAutor
=245  10$aDramat - twórczość - transgresja :$bprzestrzenie intersubiektywnych doświadczeń w mistrzowskim dyskursie /$cHalina Monika Wróblewska.
=246  30$aPrzestrzenie intersubiektywnych doświadczeń w mistrzowskim dyskursie
=260  \\$c2021.
=336  \\$aTekst$btxt$2rdacontent
=337  \\$aBez urządzenia pośredniczącego$bn$2rdamedia
=338  \\$aWolumin$bnc$2rdacarrier
=380  \\$aArtykuły
=388  1\$a2001-
=504  \\$aBibliografia na stronach 289-290.
=546  \\$aStreszczenie w języku angielskim.
=600  17$aSzymborska, Wisława$d(1923-2012).$tPoeta i świat$2DBN
=648  \7$a1901-2000$2DBN
=648  \7$a1989-2000$2DBN
=650  \7$aLiteracka Nagroda Nobla$2DBN
=650  \7$aLiteratura$2DBN
=650  \7$aLiteratura polska$2DBN
=650  \7$aOdczyty$2DBN
=650  \7$aPisarze polscy$2DBN
=650  \7$aTematy i motywy$2DBN
=650  \7$aTransgresja (psychologia)$2DBN
=655  \7$aArtykuł problemowy$2DBN
=655  \7$aArtykuł z czasopisma naukowego$2DBN
=658  \\$aLiteraturoznawstwo
=773  0\$iW:$tPrzestrzenie Teorii.$x1644-6763$g[Nr] 36 (2021), s. 273-290$w(PL)b0000001540423
=915  \\$aBZCz 2022/30225
=916  \\$aWróblewska, Halina Monika   
=931  \\$a821.162.1(091)(045/046)
=945  2\$b1996$b2019
=946  \\$k2021
=955  \7$aArtykuł problemowy$2DBN
=955  \7$aArtykuł z czasopisma naukowego$2DBN
=958  \\$aLiteraturoznawstwo
=980  \\$aArtykuły
=999  \\$aBNzkdbzcz$bjjk$x06$y2022
  
