=LDR  01623naa a2200505 i 4500
=001  b1000002589042
=005  20220909135754.5
=008  220610s2022    pl           |000 0 pol c
=009  9912715601605606
=015  \\$aBZCz 2022/30051
=035  \\$a(PL)b1000002589042
=040  \\$aWA N$cWA N$dWA N
=045  0\$bd2021
=046  \\$k2022
=080  \\$a821.162.1(091)(045/046)
=100  1\$aKoziołek, Ryszard$d(1966- )$eAutor
=245  10$aKraina czarownic /$cRyszard Koziołek.
=260  \\$c2022.
=336  \\$aTekst$btxt$2rdacontent
=337  \\$aBez urządzenia pośredniczącego$bn$2rdamedia
=338  \\$aWolumin$bnc$2rdacarrier
=380  \\$aArtykuły
=388  1\$a2001-
=600  17$aTokarczuk, Olga$d(1962- ).$tEmpuzjon$2DBN
=648  \7$a2001-$2DBN
=650  \7$aLiteratura polska$2DBN
=655  \7$aArtykuł z czasopisma literackiego$2DBN
=655  \7$aArtykuł z czasopisma społeczno-kulturalnego$2DBN
=658  \\$aLiteraturoznawstwo
=773  0\$iW:$tKsiążki (Warszawa ; 2011).$x2083-3881$g2022, nr 2, s. 29$w(PL)b0000002644843
=915  \\$aBZCz 2022/30051
=916  \\$aKoziołek, Ryszard   (1966- )
=931  \\$a821.162.1(091)(045/046)
=945  0\$b2021
=946  \\$k2022
=955  \7$aArtykuł z czasopisma literackiego$2DBN
=955  \7$aArtykuł z czasopisma społeczno-kulturalnego$2DBN
=958  \\$aLiteraturoznawstwo
=980  \\$aArtykuły
=999  \\$aBNzkdbzcz$bans$x06$y2022
  
