=LDR  02365naa a2200649 i 4500
=001  b1000002591571
=005  20220615162206.6
=008  220614s2016    fr           |100 0 fre c
=009  9912728490105606
=015  \\$aPZ 2016
=035  \\$a(PL)b1000002591571
=040  \\$aWA N$cWA N$dWA N
=045  1\$bd2007$bd2014$bd2015
=046  \\$k2016
=080  \\$81.1\x$a821.162.1(091)(0.054)
=100  1\$aSiatkowska-Callebat, Kinga$d(1965- )$eAutor
=245  10$aNomades post-modernes ou les post-voyageurs? :$bla conception du voyage dans la fiction polonaise au début du xxie siècle : Olga Tokarczuk, Andrzej Stasiuk, Joanna Bator /$cKinga Siatkowska-Callebat.
=246  30$aConception du voyage dans la fiction polonaise au début du xxie siècle :$bOlga Tokarczuk, Andrzej Stasiuk, Joanna Bator
=260  \\$c2016.
=336  \\$aTekst$btxt$2rdacontent
=337  \\$aBez urządzenia pośredniczącego$bn$2rdamedia
=338  \\$aWolumin$bnc$2rdacarrier
=380  \\$aArtykuły
=388  1\$a2001-
=500  \\$aReferat z konferencji: Grenoble, 21-23 października 2015 r.
=600  17$aBator, Joanna$d(1968- ).$tWyspa Łza$2DBN
=600  17$aBauman, Zygmunt$d(1925-2017).$tPonowoczesność jako źródło cierpień$2DBN
=600  17$aStasiuk, Andrzej$d(1960- ).$tWschód$2DBN
=648  \7$a2001-$2DBN
=650  \7$aLiteratura polska$2DBN
=650  \7$aPisarze polscy$2DBN
=650  \7$aPodróże$2DBN
=650  \7$aPostmodernizm$2DBN
=655  \7$aArtykuł problemowy$2DBN
=655  \7$aArtykuł z pracy zbiorowej$2DBN
=658  \\$aHistoria
=773  0\$iW:$tVoyages en Europe des écrivains polonais (XIXe-XXIe siècles).$gS. 131-144$w(PL)b1000000264076
=915  \\$aPZ 2016
=916  \\$aSiatkowska-Callebat, Kinga   (1965- ).
=931  \\$a821.162.1(091)(0.054)
=945  1\$b2007$b2014$b2015
=946  \\$k2016
=955  \7$aArtykuł problemowy$2DBN
=955  \7$aArtykuł z pracy zbiorowej$2DBN
=958  \\$aHistoria
=980  \\$aArtykuły
=999  \\$aBNzkdroz$blsz
  
