=LDR  01978naa a2200577 i 4500
=001  b1000002596920
=005  20221018125107.8
=008  220622s2021    pl           |000 0 eng c
=009  9912734891805606
=035  \\$a(PL)b1000002596920
=040  \\$aWA N$cWA N$dWA N
=045  2\$bd1962$bd2021
=046  \\$k2021
=080  \\$81.1\x$a821.162.1(091)(045/046)
=100  1\$aKalinowski, Daniel$d(1969- )$eAutor
=245  10$aWomen rule :$bManuela Gretkowska, Olga Tokarczuk, and the self-liberation of Polish women /$cDaniel Kalinowski (Pomeranian University, Poland).
=246  30$aManuela Gretkowska, Olga Tokarczuk, and the self-liberation of Polish women
=260  \\$c2021.
=336  \\$aTekst$btxt$2rdacontent
=337  \\$aBez urządzenia pośredniczącego$bn$2rdamedia
=338  \\$aWolumin$bnc$2rdacarrier
=380  \\$aArtykuły
=388  1\$a2001-
=504  \\$aBibliografia na stronach 189-192.
=600  17$aGretkowska, Manuela$d(1964- )$2DBN
=648  \7$a1901-2000$2DBN
=650  \7$aFeminizm$2DBN
=650  \7$aLiteratura polska$2DBN
=650  \7$aPisarze polscy$2DBN
=655  \7$aArtykuł problemowy$2DBN
=658  \\$aLiteraturoznawstwo
=710  2\$aAkademia Pomorska (Słupsk)$4oth
=773  0\$iW:$tWheels of change : feminist transgressions in Polish culture and society$gs. 173-192$w(PL)b1000001010614
=916  \\$aKalinowski, Daniel   (1969- )
=921  2\$aAkademia Pomorska (Słupsk)
=931  \\$a821.162.1(091)(045/046)
=945  2\$b1962$b2021
=946  \\$k2021
=955  \7$aArtykuł problemowy$2DBN
=958  \\$aLiteraturoznawstwo
=980  \\$aArtykuły
=999  \\$aBNzkdroz$bjcn
  
