=LDR  02226naa a2200613 i 4500
=001  b1000002602296
=005  20220630161522.5
=008  220629s2019    pl           |000 0 pol c
=009  9912735979405606
=035  \\$a(PL)b1000002602296
=040  \\$aWA N$cWA N$dWA N
=041  0\$apol$beng
=045  2\$bd1996$bd2016
=046  \\$k2019
=080  \\$a821.162.1(091)(045/046)
=100  1\$aUjma, Martyna$eAutor
=245  10$a(Nie)magia w powieściach "Prawiek i inne czasy" Olgi Tokarczuk i "Ślady" Jakuba Małeckiego /$cMartyna Ujma (Uniwersytet Humanistyczno-Przyrodniczy im. Jana Długosza w Częstochowie).
=246  3\$aNiemagia w powieściach "Prawiek i inne czasy" Olgi Tokarczuk i "Ślady" Jakuba Małeckiego
=260  \\$c2019.
=336  \\$aTekst$btxt$2rdacontent
=337  \\$aBez urządzenia pośredniczącego$bn$2rdamedia
=338  \\$aWolumin$bnc$2rdacarrier
=380  \\$aArtykuły
=388  1\$a2001-
=504  \\$aBibliografia na stronie 142.
=546  \\$aStreszczenie w języku angielskim.
=600  17$aMałecki, Jakub$d(1982- ).$tŚlady$2DBN
=648  \7$a1901-2000$2DBN
=648  \7$a1989-2000$2DBN
=650  \7$aLiteratura polska$2DBN
=650  \7$aMagia$2DBN
=650  \7$aMetafora$2DBN
=650  \7$aNarracja$2DBN
=650  \7$aPowieść$2DBN
=655  \7$aArtykuł problemowy$2DBN
=658  \\$aLiteraturoznawstwo
=710  2\$aUniwersytet Humanistyczno-Przyrodniczy im. Jana Długosza (Częstochowa)$4oth
=773  0\$iW:$tMiędzy prawdą a zwątpieniem : w poszukiwaniu obrazu przeszłości. T. 5.$gs. 135-142$w(PL)b1000000900198
=916  \\$aUjma, Martyna.   
=921  2\$aUniwersytet Humanistyczno-Przyrodniczy im. Jana Długosza (Częstochowa).
=931  \\$a821.162.1(091)(045/046)
=945  2\$b1996$b2016
=946  \\$k2019
=955  \7$aArtykuł problemowy$2DBN
=958  \\$aLiteraturoznawstwo
=980  \\$aArtykuły
=999  \\$aBNzkdroz$bmw42
  
