=LDR  01745naa a2200529 i 4500
=001  b1000002603528
=005  20220701163503.4
=008  220701s2021    pl           |000 0 pol c
=009  9912735997505606
=035  \\$a(PL)b1000002603528
=040  \\$aWA N$cWA N$dWA N
=041  0\$apol$beng
=045  0\$bd2017
=046  \\$k2021
=080  \\$a821.162.1(091)(045/046)
=100  1\$aMiernik, Agnieszka$eAutor
=245  10$a"Zgubiona dusza" Olgi Tokarczuk :$brekonesans badawczy /$cAgnieszka Miernik (Uniwersytet Jana Kochanowskiego w Kielcach).
=260  \\$c2021.
=336  \\$aTekst$btxt$2rdacontent
=337  \\$aBez urządzenia pośredniczącego$bn$2rdamedia
=338  \\$aWolumin$bnc$2rdacarrier
=380  \\$aArtykuły
=388  1\$a2001-
=504  \\$aBibliografia na stronach 33-34.
=546  \\$aStreszczenie w języku angielskim.
=600  17$aTokarczuk, Olga$d(1962- ).$tZgubiona dusza$2DBN
=648  \7$a2001-$2DBN
=650  \7$aDusza$2DBN
=650  \7$aLiteratura polska$2DBN
=655  \7$aArtykuł problemowy$2DBN
=658  \\$aLiteraturoznawstwo
=710  2\$aUniwersytet Jana Kochanowskiego (Kielce)$4oth
=773  0\$iW:$tJęzyk w przestrzeni literackiej, medialnej, politycznej$gs. 25-34$w(PL)b1000002396562
=916  \\$aMiernik, Agnieszka   
=921  2\$aUniwersytet Jana Kochanowskiego (Kielce)
=931  \\$a821.162.1(091)(045/046)
=945  0\$b2017
=946  \\$k2021
=955  \7$aArtykuł problemowy$2DBN
=958  \\$aLiteraturoznawstwo
=980  \\$aArtykuły
=999  \\$aBNzkdroz$bans
  
