=LDR  01960naa a2200637 i 4500
=001  b1000002606820
=005  20220708163901.0
=008  220706s2016    gw           |000 0 ger c
=009  9912738866905606
=015  \\$aPZ 2016
=035  \\$a(PL)b1000002606820
=040  \\$aWA N$cWA N$dWA N
=045  2\$bd1995$bd2007
=046  \\$k2016
=080  \\$a821.162.1(091)(0.054)
=100  1\$aPacyniak, Jolanta$eAutor
=245  10$aTransitorische Orte und Zustände bei Olga Tokarczuk /$cJolanta Pacyniak (UMCS).
=260  \\$c2016.
=336  \\$aTekst$btxt$2rdacontent
=337  \\$aBez urządzenia pośredniczącego$bn$2rdamedia
=338  \\$aWolumin$bnc$2rdacarrier
=380  \\$aArtykuły
=388  1\$a2001-
=600  17$aTokarczuk, Olga$d(1962- )$2DBN
=648  \7$a1901-2000$2DBN
=648  \7$a1989-2000$2DBN
=650  \7$aGlobalizacja$2DBN
=650  \7$aJa (psychologia)$2DBN
=650  \7$aLiteratura polska$2DBN
=650  \7$aLotniska$2DBN
=650  \7$aPodróże$2DBN
=650  \7$aPostmodernizm$2DBN
=650  \7$aProza$2DBN
=650  \7$aStacje kolejowe$2DBN
=650  \7$aŚmierć$2DBN
=650  \7$aTematy i motywy$2DBN
=655  \7$aArtykuł problemowy$2DBN
=658  \\$aLiteraturoznawstwo
=710  2\$aUniwersytet Marii Curie-Skłodowskiej$4oth
=773  0\$iW:$tZwischen Orten, Zeiten und Kulturen : zum Transitorischen in der Literatur.$gS. 187-196$w(PL)b1000000221152
=915  \\$aPZ 2016
=916  \\$aPacyniak, Jolanta.   
=921  2\$aUniwersytet Marii Curie-Skłodowskiej
=931  \\$a821.162.1(091)(0.054)
=945  2\$b1995$b2007
=946  \\$k2016
=955  \7$aArtykuł problemowy$2DBN
=958  \\$aLiteraturoznawstwo
=980  \\$aArtykuły
=999  \\$aBNzkdroz$blsz
  
