=LDR  01886naa a2200565 i 4500
=001  b1000002609833
=005  20220711162345.2
=008  220708s2017    gw           |000 0 ger c
=009  9912741993005606
=015  \\$aPZ 2017
=035  \\$a(PL)b1000002609833
=040  \\$aWA N$cWA N$dWA N
=045  2\$bd1980$bd2012
=046  \\$k2017
=080  \\$a821.162.1(091)(0.054)
=100  1\$aSmola, Klavdia$eAutor
=245  10$aReste, Spuren, Palimpseste :$bMetaphern und Metonymien des Gedächtnisses in der polnischen Prosa der Gegenwart /$cKlavdia Smola (Universität Greifswald).
=260  \\$c2017.
=336  \\$aTekst$btxt$2rdacontent
=337  \\$aBez urządzenia pośredniczącego$bn$2rdamedia
=338  \\$aWolumin$bnc$2rdacarrier
=380  \\$aArtykuły
=388  1\$a2001-
=504  \\$aBibliografia na stronach 143-145.
=600  17$aTokarczuk, Olga$d(1962- ).$tDom dzienny, dom nocny$2DBN
=648  \7$a1901-2000$2DBN
=648  \7$a1945-1989$2DBN
=648  \7$a1989-2000$2DBN
=650  \7$aLiteratura polska$2DBN
=650  \7$aMityzacja (antropologia)$2DBN
=650  \7$aPamięć$2DBN
=655  \7$aArtykuł problemowy$2DBN
=658  \\$aLiteraturoznawstwo
=773  0\$iW:$tRäume, Zeiten und Transferprozesse in der polnischen und anderen ostmitteleuropäischen Literaturen.$gS. 121-145$w(PL)b1000000247941
=915  \\$aPZ 2017
=916  \\$aSmola, Klavdia   
=931  \\$a821.162.1(091)(0.054)
=945  2\$b1980$b2012
=946  \\$k2017
=955  \7$aArtykuł problemowy$2DBN
=958  \\$aLiteraturoznawstwo
=980  \\$aArtykuły
=999  \\$aBNzkdroz$bhk
  
