=LDR  03946nam a2201045 i 4500
=001  b1000002612089
=005  20220811203739.5
=008  220712s2022    pl aco       |000 0cpol c
=009  9912743997705606
=015  \\$aUWD 2022/24069
=020  \\$a9788366213555$q(oprawa miękka)
=035  \\$a(PL)b1000002612089
=040  \\$aWA N$cWA N$dWA N$dKR U$dWA N
=041  1\$apol$aeng
=045  2\$bd1865$bd2021
=046  \\$k2020
=080  \\$81.1\x$a94(438).07
=080  \\$81.2\x$a94(438).08
=080  \\$81.3\x$a316.346.2-055.2(438)
=080  \\$81.4\x$a929-052(438)"18"
=080  \\$81.5\x$a929-052(438)"19"
=084  \\$a10
=245  00$aOutstanding Polish women /$c[autorzy Magdalena Majewska, Aleksandra Michalak, Maria Ślebioda].
=260  \\$aWarszawa :$bMinisterstwo Spraw Zagranicznych RP. Departament Dyplomacji Publicznej i Kulturalnej,$c2022.
=300  \\$a72 strony :$bfotografie, ilustracje, portrety ;$c22x22 cm.
=336  \\$aObraz$bsti$2rdacontent
=337  \\$aBez urządzenia pośredniczącego$bn$2rdamedia
=338  \\$aWolumin$bnc$2rdacarrier
=380  \\$aKsiążki
=380  \\$aLiteratura faktu, eseje, publicystyka
=388  1\$a2001-
=546  \\$aTekst równolegle w języku polskim i w przekładzie angielskim.
=600  17$aBoznańska, Olga$d(1865-1940)$2DBN
=600  17$aChojnowska-Liskiewicz, Krystyna$d(1936-2021)$2DBN
=600  17$aRutkiewicz, Wanda$d(1943-1992)$2DBN
=600  17$aSendlerowa, Irena$d(1910-2008)$2DBN
=600  17$aSiemionow, Maria$d(1950- )$2DBN
=600  17$aSkłodowska-Curie, Maria$d(1867-1934)$2DBN
=600  17$aSzymborska, Wisława$d(1923-2012)$2DBN
=600  17$aTokarczuk, Olga$d(1962- )$2DBN
=648  \7$a1801-1900$2DBN
=648  \7$a1901-2000$2DBN
=650  \7$aKobieta$2DBN
=651  \7$aPolska$2DBN
=655  \7$aBiografia$2DBN
=658  \\$aHistoria
=658  \\$aKultura i sztuka
=700  1\$aMajewska, Magdalena$eAutor
=700  1\$aMichalak, Aleksandra$eAutor
=710  2\$aDepartament Dyplomacji Publicznej i Kulturalnej (Ministerstwo Spraw Zagranicznych ; Polska)$eWydawca$4pbl
=852  \\$822711169210005066$j1$h3.617.144$bBN_PL$p30001031801964$cbk8
=852  \\$822711169190005066$j1$h3.215.976 A$bBN_PL$p30001031801957$cbk1
=852  \\$822376334780006831$j1$bBuKul$p1001392110$cTymNied_TN
=852  \\$822598396900005067$j1$h1.035.574 I A$bBJ$p1003010416$cBJ_EGZ_A
=852  \\$822598396870005067$j1$hB 881234 I$bBJ$p1003010415$cBJ_MAG
=915  \\$aUWD 2022/24069
=918  1\$aMajewska, Magdalena
=918  1\$aMichalak, Aleksandra
=920  \\$a978-83-66213-55-5 (oprawa miękka)
=921  2\$aDepartament Dyplomacji Publicznej i Kulturalnej (Ministerstwo Spraw Zagranicznych ; Polska)
=923  \\$aDepartament Dyplomacji Publicznej i Kulturalnej (Ministerstwo Spraw Zagranicznych ; Polska)
=931  \\$a94(438).07
=931  \\$a94(438).08
=931  \\$a316.346.2-055.2(438)
=931  \\$a929-052(438)"18"
=931  \\$a929-052(438)"19"
=945  2\$b1865$b2021
=946  \\$k2020
=951  \7$aPolska$2DBN
=955  \7$aBiografia$2DBN
=958  \\$aHistoria
=958  \\$aKultura i sztuka
=980  \\$aKsiążki
=980  \\$aLiteratura faktu, eseje, publicystyka
=999  \\$aBNzkdeo$bgrn$xuwd28$y22
  
