=LDR  01798naa a2200529 i 4500
=001  b1000002612147
=005  20220713165233.6
=008  220712s2022    pl           |000 0 pol c
=009  9912743998105606
=035  \\$a(PL)b1000002612147
=040  \\$aWA N$cWA N$dWA N
=046  \\$k2022
=080  \\$a27(045/046)
=100  1\$aTerefenko, Tomasz$eAutor
=245  10$aObraz współczesnego człowieka nakreślony w przemowie noblowskiej Olgi Tokarczuk w świetle ewangelijnego modelu uczniostwa /$cTomasz Terefenko.
=260  \\$c2022.
=336  \\$aTekst$btxt$2rdacontent
=337  \\$aBez urządzenia pośredniczącego$bn$2rdamedia
=338  \\$aWolumin$bnc$2rdacarrier
=380  \\$aArtykuły
=388  1\$a2001-
=504  \\$aBibliografia, netografia na stronach 189-192.
=600  17$aTokarczuk, Olga$d(1962- ).$tCzuły narrator$2DBN
=630  07$aBiblia.$pNT.$pEwangelia według św. Marka$2DBN
=650  \7$aKatecheza$2DBN
=650  \7$aMowy$2DBN
=650  \7$aLiteracka Nagroda Nobla$2DBN
=650  \7$aNarracja$2DBN
=650  \7$aŚwiatopogląd$2DBN
=655  \7$aAnaliza i interpretacja$2DBN
=655  \7$aArtykuł naukowy$2DBN
=658  \\$aReligia i duchowość
=773  0\$iW:$tZnaczenie edukacji i uczniostwa .$gS. 157-192$w(PL)b1000002424301
=916  \\$aTerefenko, Tomasz   
=930  07$aBiblia.$pNT.$pEwangelia według św. Marka$2DBN
=931  \\$a27(045/046)
=946  \\$k2022
=955  \7$aAnaliza i interpretacja$2DBN
=955  \7$aArtykuł naukowy$2DBN
=958  \\$aReligia i duchowość
=980  \\$aArtykuły
=999  \\$aBNzkdroz$bud
  
