=LDR  02335naa a2200709 i 4500
=001  b1000002614430
=005  20220715143032.0
=008  220714s2018    gw           |100 0 ger c
=009  9912744668705606
=015  \\$aPZ 2018
=035  \\$a(PL)b1000002614430
=040  \\$aWA N$cWA N$dWA N
=045  2\$bd1998$bd2015
=046  \\$k2018
=080  \\$a821.162.1(091)(0.054)
=100  1\$aPacyniak, Jolanta$eAutor
=245  10$aDeutsche, polnische und ukrainische Grenzräume und das Gedächtnis der Dingwelt bei Olga Tokarczuk, Joanna Bator und Żanna Słoniowska /$cJolanta Pacyniak.
=260  \\$c2018.
=336  \\$aTekst$btxt$2rdacontent
=337  \\$aBez urządzenia pośredniczącego$bn$2rdamedia
=338  \\$aWolumin$bnc$2rdacarrier
=380  \\$aArtykuły
=388  1\$a2001-
=500  \\$aMateriały z konferencji naukowej, 29-30 października 2015 r., Frankfurt nad Odrą.
=600  17$aBator, Joanna$d(1968- )$2DBN
=600  17$aSłoniowska, Żanna$d(1978- )$2DBN
=648  \7$a1901-2000$2DBN
=648  \7$a1989-2000$2DBN
=650  \7$aGranice$2DBN
=650  \7$aLiteratura polska$2DBN
=650  \7$aRegiony przygraniczne$2DBN
=651  \7$aDolny Śląsk$2DBN
=651  \7$aLwów (Ukraina, obw. lwowski)$2DBN
=651  \7$aNiemcy$2DBN
=651  \7$aPolska$2DBN
=655  \7$aArtykuł problemowy$2DBN
=655  \7$aArtykuł z pracy zbiorowej$2DBN
=658  \\$aLiteraturoznawstwo
=773  0\$iW:$tAuf den Ruinen der Imperien : erzählte Grenzräume in der mittel- und osteuropäischen Literatur nach 1989.$gS. 129-146$w(PL)b1000000263949
=915  \\$aPZ 2018
=916  \\$aPacyniak, Jolanta.   
=931  \\$a821.162.1(091)(0.054)
=945  2\$b1998$b2015
=946  \\$k2018
=951  \7$aDolny Śląsk$2DBN
=951  \7$aLwów (Ukraina, obw. lwowski)$2DBN
=951  \7$aNiemcy$2DBN
=951  \7$aPolska$2DBN
=955  \7$aArtykuł problemowy$2DBN
=955  \7$aArtykuł z pracy zbiorowej$2DBN
=958  \\$aLiteraturoznawstwo
=980  \\$aArtykuły
=999  \\$aBNzkdroz$blsz
  
