=LDR  01573naa a2200469 i 4500
=001  b1000002614960
=005  20220716201921.7
=008  220715s2022    pl       o    |0000 pol c
=009  9912744762805606
=015  \\$aPrasa 2022/07/15
=035  \\$a(PL)b1000002614960
=040  \\$aWA N$cWA N$dWA N
=045  0\$bd2022
=046  \\$a2022
=100  1\$aMiłkowski, Tomasz$d(1947- )$eRecenzja
=245  10$aCo widać, czego nie widać :$bprzekrój wydarzeń : film, teatr, literatura /$cTomasz Miłkowski.
=260  \\$c15-17 VII 2022.
=336  \\$aTekst$btxt$2rdacontent
=337  \\$aBez urządzenia pośredniczącego$bn$2rdamedia
=338  \\$aWolumin$bnc$2rdacarrier
=380  \\$aArtykuły
=388  1\$a2001-
=520  8\$aZawiera recenzję książki: Empuzjon / Olga Tokarzuk. - Kraków, 2022.
=600  17$aTokarczuk, Olga$d(1962- ).$tEmpuzjon$2DBN
=648  \7$a2001-$2DBN
=650  \7$aLiteratura polska$2DBN
=655  \7$aArtykuł z czasopisma społeczno-politycznego$2DBN
=655  \7$aArtykuł z gazety$2DBN
=658  \\$aLiteraturoznawstwo
=773  0\$iW:$tDziennik Trybuna.$x2300-3197$g2022, nr 140, s.12$w(PL)b0000002890472
=915  \\$aPrasa 2022/07/15
=916  \\$aMiłkowski, Tomasz   (1947- )
=945  0\$b2022
=946  \\$a2022
=955  \7$aArtykuł z czasopisma społeczno-politycznego$2DBN
=955  \7$aArtykuł z gazety$2DBN
=958  \\$aLiteraturoznawstwo
=980  \\$aArtykuły
=999  \\$aBNzkdprasa$bjkr
  
