=LDR  01976naa a2200589 i 4500
=001  b1000002619591
=005  20220722145529.1
=008  220721s2022    pl            |0000 pol c
=009  9912747178105606
=015  \\$aPrasa 2022/07/21
=035  \\$a(PL)b1000002619591
=040  \\$aWA N$cWA N$dWA N
=045  0\$bd2022
=046  \\$k2022
=100  1\$aDeskur, Maria$eAutor
=245  10$aPrzecież ona powiedziała tylko prostą prawdę /$cMaria Deskur.
=260  \\$c21 VII 2022.
=336  \\$aTekst$btxt$2rdacontent
=337  \\$aBez urządzenia pośredniczącego$bn$2rdamedia
=338  \\$aWolumin$bnc$2rdacarrier
=380  \\$aArtykuły
=388  1\$a2001-
=520  8\$aSpór o słowa Olgi Tokarczuk: "Literatura nie jest dla idiotów. Żeby czytać trzeba mieć jakąś kompetencję, pewną wrażliwość".
=600  17$aTokarczuk, Olga$d(1962- )$2DBN
=648  \7$a2001-$2DBN
=650  \7$aCzytelnictwo$2DBN
=650  \7$aKompetencje kluczowe$2DBN
=650  \7$aLiteratura polska$2DBN
=650  \7$aPisarstwo$2DBN
=650  \7$aPisarze polscy$2DBN
=651  \7$aPolska$2DBN
=655  \7$aArtykuł publicystyczny$2DBN
=658  \\$aBibliotekarstwo, archiwistyka, muzealnictwo
=658  \\$aLiteraturoznawstwo
=773  0\$iW:$tGazeta Wyborcza (Wyd. zasadnicze).$x0860-908X$g2022, nr 168, s. 14$w(PL)b0000001301576
=915  \\$aPrasa 2022/07/21
=916  \\$aDeskur, Maria   
=945  0\$b2022
=946  \\$k2022
=951  \7$aPolska$2DBN
=955  \7$aArtykuł publicystyczny$2DBN
=958  \\$aBibliotekarstwo, archiwistyka, muzealnictwo
=958  \\$aLiteraturoznawstwo
=980  \\$aArtykuły
=999  \\$aBNzkdprasa$bjkr
  
