=LDR  01881naa a2200601 i 4500
=001  b1000002621791
=005  20220726141147.7
=008  220725s2022    pl            |0000 pol c
=009  9912747411505606
=015  \\$aPrasa 2022/07/25
=035  \\$a(PL)b1000002621791
=040  \\$aWA N$cWA N$dWA N
=045  0\$bd2022
=046  \\$k2022
=100  0\$aGalopujący Major$eAutor
=245  10$aLewica z prawicą przeciwko Tokarczuk? /$cGalopujący Major.
=260  \\$c25-26 VII 2022.
=336  \\$aTekst$btxt$2rdacontent
=337  \\$aBez urządzenia pośredniczącego$bn$2rdamedia
=338  \\$aWolumin$bnc$2rdacarrier
=380  \\$aArtykuły
=388  1\$a2001-
=600  17$aTokarczuk, Olga$d(1962- )$2DBN
=648  \7$a2001-$2DBN
=650  \7$aLewica (politologia)$2DBN
=650  \7$aLiteratura$2DBN
=650  \7$aLiteratura polska$2DBN
=650  \7$aOpinia publiczna$2DBN
=650  \7$aPisarze polscy$2DBN
=650  \7$aPostawy$2DBN
=650  \7$aPrawica (politologia)$2DBN
=651  \7$aPolska$2DBN
=655  \7$aArtykuł z czasopisma społeczno-politycznego$2DBN
=655  \7$aArtykuł z gazety$2DBN
=658  \\$aLiteraturoznawstwo
=773  0\$iW:$tDziennik Trybuna.$x2300-3197$g2022, nr 146/147, s. 7$w(PL)b0000002890472
=915  \\$aPrasa 2022/07/25
=916  \\$aGalopujący Major   
=945  0\$b2022
=946  \\$k2022
=951  \7$aPolska$2DBN
=955  \7$aArtykuł z czasopisma społeczno-politycznego$2DBN
=955  \7$aArtykuł z gazety$2DBN
=958  \\$aLiteraturoznawstwo
=980  \\$aArtykuły
=999  \\$aBNzkdprasa$bmp
  
