=LDR  01765naa a2200553 i 4500
=001  b1000002622864
=005  20220727144402.1
=008  220726s2022    pl            |0000 pol c
=009  9912749097505606
=015  \\$aPrasa 2022/07/26
=035  \\$a(PL)b1000002622864
=040  \\$aWA N$cWA N$dWA N
=045  0\$bd2022
=046  \\$k2022
=100  1\$aIwasiów, Inga$d(1963- )$eAutor
=245  10$aRatunkowa gra (w) słowa /$cInga Iwasiów.
=260  \\$c25 VII 2022.
=336  \\$aTekst$btxt$2rdacontent
=337  \\$aBez urządzenia pośredniczącego$bn$2rdamedia
=338  \\$aWolumin$bnc$2rdacarrier
=380  \\$aArtykuły
=388  1\$a2001-
=600  17$aTokarczuk, Olga$d(1962- )$2DBN
=648  \7$a2001-$2DBN
=650  \7$aCzas wolny od pracy$2DBN
=650  \7$aPisarze polscy$2DBN
=650  \7$aPostawy$2DBN
=651  \7$aPolska$2DBN
=655  \7$aArtykuł z czasopisma kulturalnego$2DBN
=655  \7$aArtykuł z czasopisma społeczno-politycznego$2DBN
=658  \\$aLiteraturoznawstwo
=773  0\$iW:$tDuży Format : czwartkowiec "Gazety Wyborczej".$x1643-9910$g2022, nr 29, s. 15$w(PL)b0000001496514
=915  \\$aPrasa 2022/07/26
=916  \\$aIwasiów, Inga   (1963- )
=945  0\$b2022
=946  \\$k2022
=951  \7$aPolska$2DBN
=955  \7$aArtykuł z czasopisma kulturalnego$2DBN
=955  \7$aArtykuł z czasopisma społeczno-politycznego$2DBN
=958  \\$aLiteraturoznawstwo
=980  \\$aArtykuły
=999  \\$aBNzkdprasa$bmp
  
