=LDR  01653naa a2200493 i 4500
=001  b1000002622949
=005  20220727144402.1
=008  220726s2022    pl            |0000 pol c
=009  9912749096305606
=015  \\$aPrasa 2022/07/26
=035  \\$a(PL)b1000002622949
=040  \\$aWA N$cWA N$dWA N
=045  0\$bd2022
=046  \\$k2022
=100  1\$aOrliński, Wojciech$d(1969- )$eAutor
=245  10$aNowa Tokarczuk, czyli Filozoficznie o gównoburzach /$cWojciech Orliński.
=246  30$aFilozoficznie o gównoburzach
=260  \\$c26 VII 2022.
=336  \\$aTekst$btxt$2rdacontent
=337  \\$aBez urządzenia pośredniczącego$bn$2rdamedia
=338  \\$aWolumin$bnc$2rdacarrier
=380  \\$aArtykuły
=388  1\$a2001-
=600  17$aTokarczuk, Olga$d(1962- ).$tEmpuzjon$2DBN
=648  \7$a2001-$2DBN
=650  \7$aLiteratura polska$2DBN
=655  \7$aArtykuł z czasopisma kulturalnego$2DBN
=655  \7$aArtykuł z czasopisma społeczno-politycznego$2DBN
=658  \\$aLiteraturoznawstwo
=773  0\$iW:$tDuży Format : czwartkowiec "Gazety Wyborczej".$x1643-9910$g2022, nr 29, s. 4$w(PL)b0000001496514
=915  \\$aPrasa 2022/07/26
=916  \\$aOrliński, Wojciech   (1969- )
=945  0\$b2022
=946  \\$k2022
=955  \7$aArtykuł z czasopisma kulturalnego$2DBN
=955  \7$aArtykuł z czasopisma społeczno-politycznego$2DBN
=958  \\$aLiteraturoznawstwo
=980  \\$aArtykuły
=999  \\$aBNzkdprasa$bmp
  
