=LDR  02203naa a2200625 i 4500
=001  b1000002622988
=005  20220907162201.0
=008  220726s2022    pl   a       |000 0dpol c
=009  9912749600805606
=015  \\$aBZCz 2022/35024
=035  \\$a(PL)b1000002622988
=040  \\$aWA N$cWA N$dWA N
=045  2\$bd1901$bd2020
=046  \\$k2022
=080  \\$a821.162.1(091)(045/046)
=100  1\$aMadaliński, Artur$eRecenzja
=245  10$aWołanie o wielość /$cArtur Madaliński.
=260  \\$c2022.
=336  \\$aTekst$btxt$2rdacontent
=337  \\$aBez urządzenia pośredniczącego$bn$2rdamedia
=338  \\$aWolumin$bnc$2rdacarrier
=380  \\$aArtykuły
=388  1\$a2001-
=520  8\$aZawiera recenzję książki: Empuzjon : horror przyrodoleczniczy / Olga Tokarczuk. - Kraków, 2022.
=600  17$aTokarczuk, Olga$d(1962- ).$tEmpuzjon$2DBN
=610  27$aUzdrowisko Görbersdorf (Sokołowsko)$2DBN
=648  \7$a1901-2000$2DBN
=650  \7$aKuracjusze$2DBN
=650  \7$aLiteratura polska$2DBN
=650  \7$aPowieść$2DBN
=650  \7$aSanatoria przeciwgruźlicze$2DBN
=650  \7$aŚmierć$2DBN
=650  \7$aTajemnica$2DBN
=651  \7$aSokołowsko (woj. dolnośląskie, pow. wałbrzyski, gm. Mieroszów)$2DBN
=655  \7$aArtykuł z czasopisma społeczno-kulturalnego$2DBN
=655  \7$aArtykuł publicystyczny$2DBN
=658  \\$aLiteraturoznawstwo
=773  0\$iW:$tZnak (Kraków).$x0044-488X.$g2022, nr 7/8, s. 106-107$w(PL)b0000001479346
=915  \\$aBZCz 2022/35024
=916  \\$aMadaliński, Artur   
=931  \\$a821.162.1(091)(045/046)
=945  2\$b1901$b2020
=946  \\$k2022
=951  \7$aSokołowsko (woj. dolnośląskie, pow. wałbrzyski, gm. Mieroszów)$2DBN
=955  \7$aArtykuł z czasopisma społeczno-kulturalnego$2DBN
=955  \7$aArtykuł publicystyczny$2DBN
=958  \\$aLiteraturoznawstwo
=980  \\$aArtykuły
=999  \\$aBNzkdbzcz$bud$x07$y2022
  
