=LDR  01510naa a2200481 i 4500
=001  b1000002625714
=005  20220907162157.2
=008  220729s2022    pl           |000 0 pol c
=009  9912749368305606
=015  \\$aBZCz 2022/34979
=035  \\$a(PL)b1000002625714
=040  \\$aWA N$cWA N$dWA N
=045  2\$bd2022
=046  \\$k2022
=080  \\$a821.162.1(091)(045/046)
=100  1\$aHernes, Michał$eAutor
=245  10$aNowa narracja /$cMichał Hernes.
=260  \\$c2022.
=336  \\$aTekst$btxt$2rdacontent
=337  \\$aBez urządzenia pośredniczącego$bn$2rdamedia
=338  \\$aWolumin$bnc$2rdacarrier
=380  \\$aArtykuły
=388  1\$a2001-
=520  8\$aO książce Olgi Tokarczuk " Empuzjon".
=600  17$aTokarczuk, Olga$d(1962- ).$tEmpuzjon$2DBN
=648  \7$a2001-$2DBN
=650  \7$aLiteratura polska$2DBN
=655  \7$aArtykuł publicystyczny$2DBN
=658  \\$aLiteraturoznawstwo
=773  0\$iW:$tNowa Fantastyka.$x0867-132X$g2022, nr 7, s. 67$w(PL)b0000001609694
=915  \\$aBZCz 2022/34979
=916  \\$aHernes, Michał   
=931  \\$a821.162.1(091)(045/046)
=945  2\$b2022
=946  \\$k2022
=955  \7$aArtykuł publicystyczny$2DBN
=958  \\$aLiteraturoznawstwo
=980  \\$aArtykuły
=999  \\$aBNzkdbzcz$bans$x07$y2022
  
