=LDR  01874naa a2200553 i 4500
=001  b1000002628819
=005  20220808063227.7
=008  220804s2022    pl           |000 0 pol c
=009  9912789939405606
=015  \\$aPRASA 2022/08/04
=035  \\$a(PL)b1000002628819
=040  \\$aZGÓRA M$cZGÓRA M$dWA N
=045  0\$bd2022
=046  \\$k2022
=100  1\$aPikuła, Rafał$d(1988- )$eAutor
=245  10$aSzczęśliwy naród idiotów /$cRafał Pikuła.
=260  \\$c1-7 VIII 2022.
=336  \\$aTekst$btxt$2rdacontent
=337  \\$aBez urządzenia pośredniczącego$bn$2rdamedia
=338  \\$aWolumin$bnc$2rdacarrier
=380  \\$aArtykuły
=388  1\$a2001-
=520  8\$aWokół kontrowersyjnej wypowiedzi Olgi Tokarczuk na temat odbioru literatury w polskim społeczeństwie oraz polskicg czytelnikach.
=600  17$aTokarczuk, Olga$d(1962- )$2DBN
=648  \7$a2001-$2DBN
=650  \7$aCzytelnictwo$2DBN
=650  \7$aMedia społecznościowe$2DBN
=650  \7$aOdbiór społeczny$2DBN
=650  \7$aPisarze polscy$2DBN
=651  \7$aPolska$2DBN
=655  \7$aArtykuł publicystyczny$2DBN
=658  \\$aMedia i komunikacja społeczna
=773  0\$iW:$tPrzegląd (Warszawa ; 1999).$x1509-3115$g2022, nr 32, s. 55$w(PL)b0000001346565
=915  \\$aPRASA 2022/08/04
=916  \\$aPikuła, Rafał   (1988- )
=945  0\$b2022
=946  \\$k2022
=951  \7$aPolska$2DBN
=955  \7$aArtykuł publicystyczny$2DBN
=958  \\$aMedia i komunikacja społeczna
=980  \\$aArtykuły
=999  \\$aZGÓRA M$bnw
  
