=LDR  02062naa a2200637 i 4500
=001  b1000002632455
=005  20221011115900.0
=008  220809s2020    pl            000 0 eng c 
=009  9912793399505606
=015  \\$aBZCz 2022/36285
=035  \\$a(PL)b1000002632455
=040  \\$aWA N$cWA N$dWA N
=041  1\$aeng$hund
=045  0\$bd2020
=046  \\$k2020
=080  \\$81.1\x$a316(045/046)
=100  1\$aCzyżewski, Krzysztof$d(1958- )$eAutor
=245  14$aThe drama of the Polish outsider /$cKrzysztof Czyżewski ; translated by Monika Ajewska.
=260  \\$c2020.
=336  \\$aTekst$btxt$2rdacontent
=337  \\$aBez urządzenia pośredniczącego$bn$2rdamedia
=338  \\$aWolumin$bnc$2rdacarrier
=380  \\$aArtykuły
=388  1\$a2001-
=600  17$aTokarczuk, Olga$d(1962- )$2DBN
=630  07$aZimna wojna (film)$2DBN
=648  \7$a2001-$2DBN
=650  \7$aDziedzictwo kulturowe$2DBN
=650  \7$aInność$2DBN
=650  \7$aPolacy$2DBN
=651  \7$aPolska$2DBN
=655  \7$aArtykuł problemowy$2DBN
=655  \7$aArtykuł z czasopisma naukowego$2DBN
=658  \\$aEtnologia i antropologia kulturowa
=700  1\$aAjewska, Monika$eTłumaczenie
=773  0\$iW:$tNew Eastern Europe.$x2083-7372$g2020, nr 1/2, s. 107-115$w(PL)b0000002670008
=915  \\$aBZCz 2022/36285
=916  \\$aCzyżewski, Krzysztof   (1958- )
=918  1\$aAjewska, Monika
=930  07$aZimna wojna (film)$2DBN
=931  \\$a316(045/046)
=945  0\$b2020
=946  \\$k2020
=951  \7$aPolska$2DBN
=955  \7$aArtykuł problemowy$2DBN
=955  \7$aArtykuł z czasopisma naukowego$2DBN
=958  \\$aEtnologia i antropologia kulturowa
=980  \\$aArtykuły
=999  \\$aBNzkdbzcz$bjds$x08$y2022
  
