=LDR  03247naa a2200937 i 4500
=001  b1000002640075
=005  20220825131448.8
=008  220822s2022    pl            000 0 pol c
=009  9912799871005606
=015  \\$aPrasa 2022/08/22
=035  \\$a(PL)b1000002640075
=040  \\$aZAM 001$cZAM 001$dWA N
=045  2\$bd1905$bd2022
=046  \\$k2022
=100  1\$aMichalkiewicz, Stanisław$d(1947- )$eAutor
=245  10$aRzeczy smakowite i smaczne /$cStanisław Michalkiewicz.
=260  \\$c1-14 VIII 2022.
=336  \\$aTekst$btxt$2rdacontent
=337  \\$aBez urządzenia pośredniczącego$bn$2rdamedia
=338  \\$aWolumin$bnc$2rdacarrier
=380  \\$aArtykuły
=388  1\$a2001-
=600  17$aCohn-Bendit, Daniel$d(1945- )$2DBN
=600  17$aDębski, Andrzej$d(1976- )$2DBN
=600  17$aDuda, Andrzej$d(1972- )$2DBN
=600  17$aSienkiewicz, Henryk$d(1846-1916)$2DBN
=630  07$aGazeta Wyborcza$2DBN
=648  \7$a1901-2000$2DBN
=648  \7$a1901-1914$2DBN
=650  \7$aCzytelnictwo$2DBN
=650  \7$aDotacja$2DBN
=650  \7$aDuchowieństwo katolickie$2DBN
=650  \7$aDziecko seksualnie wykorzystywane$2DBN
=650  \7$aGazeta$2DBN
=650  \7$aLiteracka Nagroda Nobla$2DBN
=650  \7$aMedia społecznościowe$2DBN
=650  \7$aMolestowanie seksualne$2DBN
=650  \7$aOdbiór społeczny$2DBN
=650  \7$aOgrzewanie$2DBN
=650  \7$aPisarze polscy$2DBN
=650  \7$aPolityka$2DBN
=650  \7$aPosłowie do Parlamentu Europejskiego$2DBN
=650  \7$aPrezydentura (urząd)$2DBN
=650  \7$aProjekty aktów prawnych$2DBN
=650  \7$aRząd Mateusza Morawieckiego (2019- )$2DBN
=650  \7$aSpołeczeństwo$2DBN
=650  \7$aŚwiadomość społeczna$2DBN
=650  \7$aTematy i motywy$2DBN
=651  \7$aNiemcy$2DBN
=655  \7$aArtykuł publicystyczny$2DBN
=655  \7$aArtykuł z czasopisma społeczno-politycznego$2DBN
=658  \\$aGospodarka, ekonomia, finanse
=658  \\$aLiteraturoznawstwo
=658  \\$aPolityka, politologia, administracja publiczna
=658  \\$aPrawo i wymiar sprawiedliwości
=773  0\$iW:$tNajwyższy Czas! : pismo konserwatywno-liberalne.$x0867-0366$g2022, nr 31/32, s. XVIII-XIX$w(PL)b0000001101197
=915  \\$aPrasa 2022/08/22
=916  \\$aMichalkiewicz, Stanisław   (1947- )
=930  07$aGazeta Wyborcza$2DBN
=945  2\$b1905$b2022
=946  \\$k2022
=951  \7$aNiemcy$2DBN
=955  \7$aArtykuł publicystyczny$2DBN
=955  \7$aArtykuł z czasopisma społeczno-politycznego$2DBN
=958  \\$aGospodarka, ekonomia, finanse
=958  \\$aLiteraturoznawstwo
=958  \\$aPolityka, politologia, administracja publiczna
=958  \\$aPrawo i wymiar sprawiedliwości
=980  \\$aArtykuły
=999  \\$aZAM 001$bAK
  
