=LDR  02219naa a2200637 i 4500
=001  b1000002640677
=005  20221011115900.0
=008  220823s2021    pl           |000 0 pol c
=009  9912799580505606
=015  \\$aBZCz 2022/39637
=024  7\$a10.14746/pspsl.2021.40.6$2doi
=035  \\$a(PL)b1000002640677
=040  \\$aWA N$cWA N$dWA N
=041  0\$apol$beng
=045  2\$bd1962$bd2021
=046  \\$k2021
=080  \\$a821.162.1(091)(045/046)
=100  1\$aWu, Lan$d(1956- )$eAutor
=245  10$aLiterackie przekłady i formy prezentacji twórczości Olgi Tokarczuk w Chinach /$cWu Lan (Instytut Rusycystyki i Studiów Wschodnich. Uniwersytet Gdański).
=260  \\$c2021.
=336  \\$aTekst$btxt$2rdacontent
=337  \\$aBez urządzenia pośredniczącego$bn$2rdamedia
=338  \\$aWolumin$bnc$2rdacarrier
=380  \\$aArtykuły
=388  1\$a2001-
=504  \\$aBibliografia na stronach 176-178.
=546  \\$aStreszczenie w języku angielskim.
=600  17$aTokarczuk, Olga$d(1962- )$2DBN
=648  \7$a1901-2000$2DBN
=648  \7$a1945-1989$2DBN
=648  \7$a1989-2000$2DBN
=650  \7$aLiteratura polska$2DBN
=651  \7$aChiny$2DBN
=655  \7$aArtykuł problemowy$2DBN
=655  \7$aArtykuł z czasopisma filologicznego$2DBN
=658  \\$aLiteraturoznawstwo
=710  2\$aInstytut Rusycystyki i Studiów Wschodnich (Uniwersytet Gdański)$4oth
=773  0\$iW:$tPoznańskie Studia Polonistyczne. Seria Literacka.$x1233-8680.$gNr 40 (2021), s. 153-179$w(PL)b0000001355127
=915  \\$aBZCz 2022/39637
=916  \\$aWu, Lan   (1956- )
=921  2\$aInstytut Rusycystyki i Studiów Wschodnich (Uniwersytet Gdański)
=931  \\$a821.162.1(091)(045/046)
=945  2\$b1962$b2021
=946  \\$k2021
=951  \7$aChiny$2DBN
=955  \7$aArtykuł problemowy$2DBN
=955  \7$aArtykuł z czasopisma filologicznego$2DBN
=958  \\$aLiteraturoznawstwo
=980  \\$aArtykuły
=999  \\$aBNzkdbzcz$bans$x08$y2022
  
