=LDR  01979naa a2200601 i 4500
=001  b1000002644055
=005  20221011115900.0
=008  220826s2021    pl           |000 0 pol c
=009  9912800529605606
=015  \\$aBZCz 2022/39623
=035  \\$a(PL)b1000002644055
=040  \\$aWA N$cWA N$dWA N
=041  0\$apol$beng
=045  0\$bd2020
=046  \\$k2021
=080  \\$a821.162.1(091)(045/046)
=100  1\$aTabakowska, Elżbieta$d(1942- )$eAutor
=245  10$aOkno na świat, okno na przekład /$cElżbieta Tabakowska (Uniwersytet Jagielloński w Krakowie).
=260  \\$c2021.
=336  \\$aTekst$btxt$2rdacontent
=337  \\$aBez urządzenia pośredniczącego$bn$2rdamedia
=338  \\$aWolumin$bnc$2rdacarrier
=380  \\$aArtykuły
=388  1\$a2001-
=504  \\$aBibliografia, netografia na stronach 23-24.
=546  \\$aStreszczenie w języku angielskim.
=600  17$aTokarczuk, Olga$d(1962- )$2DBN
=648  \7$a2001-$2DBN
=650  \7$aCOVID-19$2DBN
=650  \7$aEpidemie$2DBN
=650  \7$aFelieton$2DBN
=650  \7$aLiteratura polska$2DBN
=655  \7$aArtykuł problemowy$2DBN
=655  \7$aArtykuł z czasopisma filologicznego$2DBN
=658  \\$aLiteraturoznawstwo
=710  2\$aUniwersytet Jagielloński$4oth
=773  0\$iW:$tMiędzy Oryginałem a Przekładem.$x1689-9121$gR. 27, nr 1/4 (2021), s. 11-34$w(PL)b0000003250578
=915  \\$aBZCz 2022/39623
=916  \\$aTabakowska, Elżbieta   (1942- )
=921  2\$aUniwersytet Jagielloński
=931  \\$a821.162.1(091)(045/046)
=945  0\$b2020
=946  \\$k2021
=955  \7$aArtykuł problemowy$2DBN
=955  \7$aArtykuł z czasopisma filologicznego$2DBN
=958  \\$aLiteraturoznawstwo
=980  \\$aArtykuły
=999  \\$aBNzkdbzcz$bsg$x08$y2022
  
