=LDR  02116naa a2200565 i 4500
=001  b1000002644074
=005  20221011115900.0
=008  220826s2021    pl           |000 0 pol c
=009  9912800529205606
=015  \\$aBZCz 2022/39516
=035  \\$a(PL)b1000002644074
=040  \\$aWA N$cWA N$dWA N
=041  0\$apol$beng
=046  \\$k2021
=080  \\$a821.162.1(091)(045/046)
=100  1\$aFranczak, Grzegorz$d(1974- )$eAutor
=245  10$a"Ogumienie mózgu" w "słabym świetle postępu" :$bo pułapkach translacji syntagmatycznej i niebezpośredniej na przykładzie włoskiej wersji "Biegunów" Olgi Tokarczuk /$cGrzegorz Franczak.
=246  30$aO pułapkach translacji syntagmatycznej i niebezpośredniej na przykładzie włoskiej wersji "Biegunów" Olgi Tokarczuk
=260  \\$c2021.
=336  \\$aTekst$btxt$2rdacontent
=337  \\$aBez urządzenia pośredniczącego$bn$2rdamedia
=338  \\$aWolumin$bnc$2rdacarrier
=380  \\$aArtykuły
=388  1\$a2001-
=504  \\$aBibliografia, netografia na stronach 58-60.
=546  \\$aStreszczenie w języku angielskim.
=600  17$aTokarczuk, Olga$d(1962- ).$tBieguni$2DBN
=650  \7$aBłędy tłumaczeniowe$2DBN
=650  \7$aJęzyk włoski$2DBN
=650  \7$aLiteratura polska$2DBN
=650  \7$aPowieść$2DBN
=650  \7$aPrzekłady$2DBN
=655  \7$aArtykuł problemowy$2DBN
=655  \7$aArtykuł z czasopisma filologicznego$2DBN
=658  \\$aLiteraturoznawstwo
=773  0\$iW:$tMiędzy Oryginałem a Przekładem.$x1689-9121$gR. 27, nr 1/4 (2021), s. 35-61$w(PL)b0000003250578
=915  \\$aBZCz 2022/39516
=916  \\$aFranczak, Grzegorz   (1974- )
=931  \\$a821.162.1(091)(045/046)
=946  \\$k2021
=955  \7$aArtykuł problemowy$2DBN
=955  \7$aArtykuł z czasopisma filologicznego$2DBN
=958  \\$aLiteraturoznawstwo
=980  \\$aArtykuły
=999  \\$aBNzkdbzcz$bsg$x08$y2022
  
