=LDR  01951naa a2200565 i 4500
=001  b1000002644098
=005  20221011115900.0
=008  220826s2021    pl           |000 0 pol c
=009  9912800528605606
=015  \\$aBZCz 2022/39534
=035  \\$a(PL)b1000002644098
=040  \\$aWA N$cWA N$dWA N
=041  0\$apol$beng
=046  \\$k2021
=080  \\$a821.162.1(091)(045/046)
=100  1\$aJastrzębska, Katarzyna$d(1968- )$eAutor
=245  10$aIrina Adelgejm :$brosyjska tłumaczka i literaturoznawczyni /$cKatarzyna Jastrzębska (Uniwersytet Jagielloński).
=260  \\$c2021.
=336  \\$aTekst$btxt$2rdacontent
=337  \\$aBez urządzenia pośredniczącego$bn$2rdamedia
=338  \\$aWolumin$bnc$2rdacarrier
=380  \\$aArtykuły
=388  1\$a2001-
=504  \\$aBibliografia, netografia na stronach 75-77.
=546  \\$aStreszczenie w języku angielskim.
=600  17$aAdelgejm, Irina$d(1971- )$2DBN
=650  \7$aLiteratura polska$2DBN
=650  \7$aLiteraturoznawcy$2DBN
=650  \7$aProza$2DBN
=655  \7$aArtykuł problemowy$2DBN
=655  \7$aArtykuł z czasopisma filologicznego$2DBN
=658  \\$aLiteraturoznawstwo
=710  2\$aUniwersytet Jagielloński$4oth
=773  0\$iW:$tMiędzy Oryginałem a Przekładem.$x1689-9121$gR. 27, nr 1/4 (2021), s. 63-78$w(PL)b0000003250578
=915  \\$aBZCz 2022/39534
=916  \\$aJastrzębska, Katarzyna   (1968- )
=921  2\$aUniwersytet Jagielloński
=931  \\$a821.162.1(091)(045/046)
=946  \\$k2021
=955  \7$aArtykuł problemowy$2DBN
=955  \7$aArtykuł z czasopisma filologicznego$2DBN
=958  \\$aLiteraturoznawstwo
=980  \\$aArtykuły
=999  \\$aBNzkdbzcz$bsg$x08$y2022
  
