=LDR  02444naa a2200625 i 4500
=001  b1000002644133
=005  20221011115900.0
=008  220826s2021    pl           |000 0 pol c
=009  9912800527705606
=015  \\$aBZCz 2022/39563
=035  \\$a(PL)b1000002644133
=040  \\$aWA N$cWA N$dWA N
=041  0\$apol$beng
=045  0\$bd2014
=046  \\$k2021
=080  \\$a821.162.1(091)(045/046)
=100  1\$aMajkiewicz, Anna$eAutor
=245  10$aPrzekład literacki na cztery ręce, czyli O warsztacie niemieckiego tandemu tłumaczy "Ksiąg Jakubowych" Olgi Tokarczuk /$cAnna Majkiewicz (Uniwersytet Humanistyczno-Przyrodniczy im. Jana Długosza w Częstochowie).
=246  30$aO warsztacie niemieckiego tandemu tłumaczy "Ksiąg Jakubowych" Olgi Tokarczuk
=260  \\$c2021.
=336  \\$aTekst$btxt$2rdacontent
=337  \\$aBez urządzenia pośredniczącego$bn$2rdamedia
=338  \\$aWolumin$bnc$2rdacarrier
=380  \\$aArtykuły
=388  1\$a2001-
=504  \\$aBibliografia, netografia na stronach 93-97.
=546  \\$aStreszczenie w języku angielskim.
=600  17$aTokarczuk, Olga$d(1962- ).$tKsięgi Jakubowe albo Wielka podróż przez siedem granic, pięć języków i trzy duże religie, nie licząc tych małych$2DBN
=648  \7$a2001-$2DBN
=650  \7$aIntertekstualność$2DBN
=650  \7$aJęzyk niemiecki$2DBN
=650  \7$aLiteratura polska$2DBN
=650  \7$aPowieść$2DBN
=650  \7$aPrzekłady$2DBN
=655  \7$aArtykuł problemowy$2DBN
=655  \7$aArtykuł z czasopisma filologicznego$2DBN
=658  \\$aLiteraturoznawstwo
=710  2\$aUniwersytet Humanistyczno-Przyrodniczy im. Jana Długosza (Częstochowa)$4oth
=773  0\$iW:$tMiędzy Oryginałem a Przekładem.$x1689-9121$gR. 27, nr 1/4 (2021), s. 79-99$w(PL)b0000003250578
=915  \\$aBZCz 2022/39563
=916  \\$aMajkiewicz, Anna   
=921  2\$aUniwersytet Humanistyczno-Przyrodniczy im. Jana Długosza (Częstochowa)
=931  \\$a821.162.1(091)(045/046)
=945  0\$b2014
=946  \\$k2021
=955  \7$aArtykuł problemowy$2DBN
=955  \7$aArtykuł z czasopisma filologicznego$2DBN
=958  \\$aLiteraturoznawstwo
=980  \\$aArtykuły
=999  \\$aBNzkdbzcz$bsg$x08$y2022
  
