=LDR  02038naa a2200613 i 4500
=001  b1000002644160
=005  20221011115900.0
=008  220826s2021    pl           |000 0 eng c
=009  9912800527205606
=015  \\$aBZCz 2022/39592
=035  \\$a(PL)b1000002644160
=040  \\$aWA N$cWA N$dWA N
=041  0\$aeng$bpol
=045  0\$bd2007
=046  \\$k2021
=080  \\$a821.162.1(091)(045/046)
=100  1\$aPietryga, Marcelina$eAutor
=245  14$aThe use of explicitation to retain the foreignness of Olga Tokarczuk’s "Flights" /$cMarcelina Pietryga (University of Silesia).
=260  \\$c2021.
=336  \\$aTekst$btxt$2rdacontent
=337  \\$aBez urządzenia pośredniczącego$bn$2rdamedia
=338  \\$aWolumin$bnc$2rdacarrier
=380  \\$aArtykuły
=388  1\$a2001-
=504  \\$aBibliografia, netografia na stronach 112-115.
=546  \\$aStreszczenie w języku polskim.
=600  17$aTokarczuk, Olga$d(1962- ).$tBieguni$2DBN
=648  \7$a2001-$2DBN
=650  \7$aInność$2DBN
=650  \7$aJęzyk angielski$2DBN
=650  \7$aLiteratura polska$2DBN
=650  \7$aPowieść$2DBN
=650  \7$aPrzekłady$2DBN
=655  \7$aArtykuł problemowy$2DBN
=655  \7$aArtykuł z czasopisma filologicznego$2DBN
=658  \\$aLiteraturoznawstwo
=710  2\$aUniwersytet Śląski$4oth
=773  0\$iW:$tMiędzy Oryginałem a Przekładem.$x1689-9121$gR. 27, nr 1/4 (2021), s. 101-116$w(PL)b0000003250578
=915  \\$aBZCz 2022/39592
=916  \\$aPietryga, Marcelina   
=921  2\$aUniwersytet Śląski
=931  \\$a821.162.1(091)(045/046)
=945  0\$b2007
=946  \\$k2021
=955  \7$aArtykuł problemowy$2DBN
=955  \7$aArtykuł z czasopisma filologicznego$2DBN
=958  \\$aLiteraturoznawstwo
=980  \\$aArtykuły
=999  \\$aBNzkdbzcz$bsg$x08$y2022
  
