=LDR  01993naa a2200553 i 4500
=001  b1000002644187
=005  20221011115900.0
=008  220826s2021    pl           |000 0 eng c
=009  9912800526405606
=015  \\$aBZCz 2022/39599
=035  \\$a(PL)b1000002644187
=040  \\$aWA N$cWA N$dWA N
=041  0\$aeng$bpol
=046  \\$k2021
=080  \\$a821.162.1(091)(045/046)
=100  1\$aSiwek, Karolina$eAutor
=245  12$aA flight of Tokarczuk translators :$bremarks on collaboration and cooperation /$cKarolina Siwek (University of Jan Długosz in Częstochowa).
=260  \\$c2021.
=336  \\$aTekst$btxt$2rdacontent
=337  \\$aBez urządzenia pośredniczącego$bn$2rdamedia
=338  \\$aWolumin$bnc$2rdacarrier
=380  \\$aArtykuły
=388  1\$a2001-
=504  \\$aBibliografia, netografia na stronach 132-133.
=546  \\$aStreszczenie w języku polskim.
=600  17$aTokarczuk, Olga$d(1962- )$2DBN
=650  \7$aLiteratura polska$2DBN
=650  \7$aProza$2DBN
=650  \7$aTeoria przekładu$2DBN
=655  \7$aArtykuł problemowy$2DBN
=655  \7$aArtykuł z czasopisma filologicznego$2DBN
=658  \\$aLiteraturoznawstwo
=710  2\$aUniwersytet Humanistyczno-Przyrodniczy im. Jana Długosza (Częstochowa)$4oth
=773  0\$iW:$tMiędzy Oryginałem a Przekładem.$x1689-9121$gR. 27, nr 1/4 (2021), s. 117-134$w(PL)b0000003250578
=915  \\$aBZCz 2022/39599
=916  \\$aSiwek, Karolina   
=921  2\$aUniwersytet Humanistyczno-Przyrodniczy im. Jana Długosza (Częstochowa)
=931  \\$a821.162.1(091)(045/046)
=946  \\$k2021
=955  \7$aArtykuł problemowy$2DBN
=955  \7$aArtykuł z czasopisma filologicznego$2DBN
=958  \\$aLiteraturoznawstwo
=980  \\$aArtykuły
=999  \\$aBNzkdbzcz$bsg$x08$y2022
  
