=LDR  01893naa a2200565 i 4500
=001  b1000002644232
=005  20221011115900.0
=008  220826s2021    pl           |000 0 pol c
=009  9912800525805606
=015  \\$aBZCz 2022/39624
=035  \\$a(PL)b1000002644232
=040  \\$aWA N$cWA N$dWA N
=041  0\$apol$beng
=046  \\$k2021
=080  \\$a821.162.1(091)(045/046)
=100  1\$aTanuševska, Lidija$eAutor
=245  10$aSłownictwo specjalistyczne w prozie Olgi Tokarczuk jako wyzwanie translatorskie /$cLidia Tanuszewska.
=260  \\$c2021.
=336  \\$aTekst$btxt$2rdacontent
=337  \\$aBez urządzenia pośredniczącego$bn$2rdamedia
=338  \\$aWolumin$bnc$2rdacarrier
=380  \\$aArtykuły
=388  1\$a2001-
=504  \\$aBibliografia, netografia na stronach 142-143.
=546  \\$aStreszczenie w języku angielskim.
=600  17$aTokarczuk, Olga$d(1962- )$2DBN
=650  \7$aJęzyk środowiskowy$2DBN
=650  \7$aJęzyk macedoński$2DBN
=650  \7$aLiteratura polska$2DBN
=650  \7$aProza$2DBN
=650  \7$aPrzekłady$2DBN
=650  \7$aSłownictwo$2DBN
=655  \7$aArtykuł problemowy$2DBN
=655  \7$aArtykuł z czasopisma filologicznego$2DBN
=658  \\$aLiteraturoznawstwo
=773  0\$iW:$tMiędzy Oryginałem a Przekładem.$x1689-9121$gR. 27, nr 1/4 (2021), s. 135-143$w(PL)b0000003250578
=915  \\$aBZCz 2022/39624
=916  \\$aTanuševska, Lidija   
=931  \\$a821.162.1(091)(045/046)
=946  \\$k2021
=955  \7$aArtykuł problemowy$2DBN
=955  \7$aArtykuł z czasopisma filologicznego$2DBN
=958  \\$aLiteraturoznawstwo
=980  \\$aArtykuły
=999  \\$aBNzkdbzcz$bsg$x08$y2022
  
