=LDR  02392naa a2200637 i 4500
=001  b1000002644260
=005  20221011115900.0
=008  220826s2021    pl           |000 0 eng c
=009  9912800524905606
=015  \\$aBZCz 2022/39581
=035  \\$a(PL)b1000002644260
=040  \\$aWA N$cWA N$dWA N
=041  0\$aeng$bpol
=045  0\$bd2019
=046  \\$k2021
=080  \\$a821.162.1(091)(045/046)
=245  00$aOlga Tokarczuk is IN :$bdialogue between James W.Underhill and Adam Głaz on filtering Olga Tokarczuk’s  "tender worldview" into English during her Nobel Lecture/$cJames W. Underhill, Adam Głaz (Uniwersytet Marii Curie-Skłodowskiej w Lublinie).
=246  30$aDialogue between James W.Underhill and Adam Głaz on filtering Olga Tokarczuk’s  "tender worldview" into English during her Nobel Lecture
=260  \\$c2021.
=336  \\$aTekst$btxt$2rdacontent
=337  \\$aBez urządzenia pośredniczącego$bn$2rdamedia
=338  \\$aWolumin$bnc$2rdacarrier
=380  \\$aArtykuły
=388  1\$a2001-
=504  \\$aBibliografia, netografia na stronach 159-161.
=546  \\$aStreszczenie w języku polskim.
=600  17$aTokarczuk, Olga$d(1962- )$2DBN
=648  \7$a2001-$2DBN
=650  \7$aJęzyk angielski$2DBN
=650  \7$aNagroda Nobla$2DBN
=650  \7$aNarracja$2DBN
=650  \7$aPrzekłady$2DBN
=655  \7$aArtykuł problemowy$2DBN
=655  \7$aArtykuł z czasopisma filologicznego$2DBN
=658  \\$aLiteraturoznawstwo
=700  1\$aUnderhill, James W.$d(1965- )$eAutor
=710  2\$aUniwersytet Marii Curie-Skłodowskiej$4oth
=773  0\$iW:$tMiędzy Oryginałem a Przekładem.$x1689-9121$gR. 27, nr 1/4 (2021), s. 145-162$w(PL)b0000003250578
=915  \\$aBZCz 2022/39581
=918  1\$aUnderhill, James W.$d(1965- )
=921  2\$aUniwersytet Marii Curie-Skłodowskiej
=931  \\$a821.162.1(091)(045/046)
=945  0\$b2019
=946  \\$k2021
=955  \7$aArtykuł problemowy$2DBN
=955  \7$aArtykuł z czasopisma filologicznego$2DBN
=958  \\$aLiteraturoznawstwo
=980  \\$aArtykuły
=999  \\$aBNzkdbzcz$bsg$x08$y2022
  
