=LDR  01703naa a2200517 i 4500
=001  b1000002654754
=005  20221028130851.6
=008  220909s2022    pl           |000 e pol c
=009  9912806542405606
=015  \\$aBZCz 2022/42992
=035  \\$a(PL)b1000002654754
=040  \\$aWA N$cWA N$dWA N
=045  0\$bd2022
=046  \\$k2022
=080  \\$a821.162.1(091)(045/046)
=100  1\$aCzapliński, Przemysław$d(1962- )$eAutor
=245  10$aZobaczyć widzenie /$cPrzemysław Czapliński.
=260  \\$c2022.
=336  \\$aTekst$btxt$2rdacontent
=337  \\$aBez urządzenia pośredniczącego$bn$2rdamedia
=338  \\$aWolumin$bnc$2rdacarrier
=380  \\$aArtykuły
=388  1\$a2001-
=520  8\$aO książce Olgi Tokarczuk "Empuzjon".
=600  17$aTokarczuk, Olga$d(1962- ).$tEmpuzjon$2DBN
=648  \7$a2001-$2DBN
=650  \7$aLiteratura polska$2DBN
=655  \7$aArtykuł z czasopisma literackiego$2DBN
=655  \7$aArtykuł z czasopisma społeczno-kulturalnego$2DBN
=658  \\$aLiteraturoznawstwo
=773  0\$iW:$tKsiążki (Warszawa ; 2011).$x2083-3881$g2022, nr 3, s. 100-102$w(PL)b0000002644843
=915  \\$aBZCz 2022/42992
=916  \\$aCzapliński, Przemysław   (1962- )
=931  \\$a821.162.1(091)(045/046)
=945  0\$b2022
=946  \\$k2022
=955  \7$aArtykuł z czasopisma literackiego$2DBN
=955  \7$aArtykuł z czasopisma społeczno-kulturalnego$2DBN
=958  \\$aLiteraturoznawstwo
=980  \\$aArtykuły
=999  \\$aBNzkdbzcz$bans$x09$y2022
  
