=LDR  01630naa a2200493 i 4500
=001  b1000002665927
=005  20220924121019.1
=008  220923s2022    pl           |000 0 pol c
=009  9912832708005606
=035  \\$a(PL)b1000002665927
=040  \\$aWA N$cWA N$dWA N
=045  0\$bd2001
=046  \\$k2022
=080  \\$a821.162.1(091)(045/046)
=100  1\$aWalczak, Marta$eAutor
=245  10$aPsychologia głębi w opowiadaniu Olgi Tokarczuk "Skoczek" ze zbioru "Gra na wielu bębenkach"  /$cMarta Walczak (Uniwersytet Łódzki).
=260  \\$c2022.
=336  \\$aTekst$btxt$2rdacontent
=337  \\$aBez urządzenia pośredniczącego$bn$2rdamedia
=338  \\$aWolumin$bnc$2rdacarrier
=380  \\$aArtykuły
=388  1\$a2001-
=504  \\$aBibliografia na stronie 54.
=600  17$aTokarczuk, Olga$d(1962- ).$tGra na wielu bębenkach$2DBN
=648  \7$a2001-$2DBN
=650  \7$aLiteratura polska$2DBN
=655  \7$aArtykuł problemowy$2DBN
=658  \\$aLiteraturoznawstwo
=710  2\$aUniwersytet Łódzki$4oth
=773  0\$iW:$tUwolnij umysł : rozważania na temat języka, literatury i kultury$gs. 41-54$w(PL)b1000002594799
=916  \\$aWalczak, Marta   
=921  2\$aUniwersytet Łódzki
=931  \\$a821.162.1(091)(045/046)
=945  0\$b2001
=946  \\$k2022
=955  \7$aArtykuł problemowy$2DBN
=958  \\$aLiteraturoznawstwo
=980  \\$aArtykuły
=999  \\$aBNzkdroz$bans
  
