=LDR  01911naa a2200553 i 4500
=001  b1000002666464
=005  20221028130851.6
=008  220923s2022    pl           |000 0 ger c
=009  9912833378905606
=015  \\$aBZCz 2022/42786
=035  \\$a(PL)b1000002666464
=040  \\$aWA N$cWA N$dWA N
=041  0\$ager$beng
=046  \\$k2022
=080  \\$a80/81(045/046)
=100  1\$aSkoczylas, Patrycja$eAutor
=245  10$aMultimodale Vermittlung von Emotionen am Beispiel von Tweets über Nobelpreisträgerin Olga Tokarczuk /$cPatrycja Skoczylas (Universität Wrocław).
=260  \\$c2022.
=336  \\$aTekst$btxt$2rdacontent
=337  \\$aBez urządzenia pośredniczącego$bn$2rdamedia
=338  \\$aWolumin$bnc$2rdacarrier
=380  \\$aArtykuły
=388  1\$a2001-
=504  \\$aBibliografia, netografia na stronach 387-388.
=546  \\$aStreszczenie w języku angielskim.
=600  17$aTokarczuk, Olga$d(1962- )$2DBN
=650  \7$aUczucia$2DBN
=650  \7$aJęzyk polski$2DBN
=650  \7$aKomunikacja elektroniczna$2DBN
=655  \7$aArtykuł problemowy$2DBN
=655  \7$aArtykuł z czasopisma filologicznego$2DBN
=658  \\$aJęzykoznawstwo
=710  2\$aUniwersytet Wrocławski$4oth
=773  0\$iW:$tLinguistische Treffen in Wrocław.$x2084-3062$gVol. 21, [nr] 1 (2022), s. 379-388$w(PL)b1000000421230
=915  \\$aBZCz 2022/42786
=916  \\$aSkoczylas, Patrycja   
=921  2\$aUniwersytet Wrocławski
=931  \\$a80/81(045/046)
=946  \\$k2022
=955  \7$aArtykuł problemowy$2DBN
=955  \7$aArtykuł z czasopisma filologicznego$2DBN
=958  \\$aJęzykoznawstwo
=980  \\$aArtykuły
=999  \\$aBNzkdbzcz$bsg$x09$y2022
  
