=LDR  02310naa a2200649 i 4500
=001  b1000002668896
=005  20221028130851.6
=008  220928s2022    pl           |000 0 pol c
=009  9912835741205606
=015  \\$aBZCz 2022/43160
=024  7\$a10.15290/bsl.2022.20.13$2doi
=035  \\$a(PL)b1000002668896
=040  \\$aWA N$cWA N$dWA N
=041  0\$apol$beng
=045  0\$bd2018
=046  \\$k2022
=080  \\$a821.162.1(091)(045/046)
=100  1\$aSordyl, Klaudia$eAutor
=245  10$aCiało post/nie/ludzkie w "Opowiadaniach bizarnych" Olgi Tokarczuk /$cKlaudia Sordyl (Wydział Filologiczny. Uniwersytet Pedagogiczny im. KEN w Krakowie).
=260  \\$c2022.
=336  \\$aTekst$btxt$2rdacontent
=337  \\$aBez urządzenia pośredniczącego$bn$2rdamedia
=338  \\$aWolumin$bnc$2rdacarrier
=380  \\$aArtykuły
=388  1\$a2001-
=504  \\$aBibliografia na stronach 236-237.
=546  \\$aStreszczenie w języku angielskim.
=600  17$aTokarczuk, Olga$d(1962- ).$tOpowiadania bizarne$2DBN
=648  \7$a2001-$2DBN
=650  \7$aCiało ludzkie$2DBN
=650  \7$aCyborgi$2DBN
=650  \7$aEtyka$2DBN
=650  \7$aLiteratura polska$2DBN
=650  \7$aOpowiadania i nowele$2DBN
=650  \7$aPostsekularyzm$2DBN
=650  \7$aReligia$2DBN
=655  \7$aArtykuł problemowy$2DBN
=655  \7$aArtykuł z czasopisma filologicznego$2DBN
=658  \\$aLiteraturoznawstwo
=710  2\$aWydział Filologiczny (Uniwersytet Pedagogiczny im. Komisji Edukacji Narodowej ; Kraków)$4oth
=773  0\$iW:$tBiałostockie Studia Literaturoznawcze : BSL.$x2082-9701$gNr 20 (2022), s. 221-237$w(PL)b0000002666996
=915  \\$aBZCz 2022/43160
=916  \\$aSordyl, Klaudia   
=921  2\$aWydział Filologiczny (Uniwersytet Pedagogiczny im. Komisji Edukacji Narodowej ; Kraków)
=931  \\$a821.162.1(091)(045/046)
=945  0\$b2018
=946  \\$k2022
=955  \7$aArtykuł problemowy$2DBN
=955  \7$aArtykuł z czasopisma filologicznego$2DBN
=958  \\$aLiteraturoznawstwo
=980  \\$aArtykuły
=999  \\$aBNzkdbzcz$brs$x09$y2022
  
