=LDR  01567nam a2200433 i 4500
=001  b1000002669013
=005  20221011115900.0
=008  220928s2021    pl           |000 0 pol c
=009  9912836379305606
=035  \\$a(PL)b1000002669013
=040  \\$aKR U$cKR U$dKR U
=046  \\$k2021
=245  10$aThe literary landscape of Olga Tokarczuk /$cguest editor Joanna Trzeciak Huss.
=260  \\$aNew York :$bPolish Institute of Arts and Sciences of America,$c2004.
=300  \\$a202, [6] stron ;$c23 cm.
=336  \\$aTekst$btxt$2rdacontent
=337  \\$aBez urządzenia pośredniczącego$bn$2rdamedia
=338  \\$aWolumin$bnc$2rdacarrier
=380  \\$aKsiążki
=388  1\$a2001-
=490  1\$aPolish Institute Series$x0032-2970 ;$vvol. 66 (2021), no. 2 spec. iss.
=504  \\$aBibliografia na stronach
=600  17$aTokarczuk, Olga$d(1962- )$2DBN
=650  \7$aLiteracka Nagroda Nobla$2DBN
=655  \7$aMonografia$2DBN
=658  \\$aLiteraturoznawstwo
=700  1\$aTrzeciak Huss, Joanna$eRedakcja
=710  2\$aPolski Instytut Naukowy w Ameryce$eWydawca$4pbl
=830  \0$aPolish Institute Series$x0032-2970$vvol. 66 (2021), no. 2 spec. iss.
=852  \\$822602703580005067$j1$h421977 II$bBJ$p1003132425$cBJ_MAG
=918  1\$aTrzeciak Huss, Joanna
=921  2\$aPolski Instytut Naukowy w Ameryce
=923  \\$aPolski Instytut Naukowy w Ameryce
=946  \\$k2021
=955  \7$aMonografia$2DBN
=958  \\$aLiteraturoznawstwo
=980  \\$aKsiążki
=999  \\$aBJ$bDD
  
