=LDR  01609naa a2200493 i 4500
=001  b1000002676548
=005  20221202132633.3
=008  221010s2022    pl       o   |000 0 pol c
=009  9912838424405606
=015  \\$aBZCz 2022/48050
=035  \\$a(PL)b1000002676548
=040  \\$aWA N$cWA N$dWA N
=045  0\$bd2022
=046  \\$k2022
=080  \\$a821.162.1(091)(045/046)
=100  1\$aTenderenda-Ożóg, Ewa$eRecenzja
=245  10$a[Empuzjon - recenzja] /$cEwa Tenderenda-Ożóg.
=260  \\$c2022.
=336  \\$aTekst$btxt$2rdacontent
=337  \\$aBez urządzenia pośredniczącego$bn$2rdamedia
=338  \\$aWolumin$bnc$2rdacarrier
=380  \\$aArtykuły
=388  1\$a2001-
=520  8\$aZawiera recenzję książki: Empuzjon / Olga Tokarczuk. - Kraków, 2022.
=600  17$aTokarczuk, Olga$d(1962- ).$tEmpuzjon$2DBN
=648  \7$a2001-$2DBN
=650  \7$aLiteratura polska$2DBN
=655  \7$aArtykuł z czasopisma literackiego$2DBN
=658  \\$aLiteraturoznawstwo
=773  0\$iW:$tKsiążki : magazyn literacki.$x1642-2066$g2022, nr 6, s. 38$w(PL)b0000001554182
=915  \\$aBZCz 2022/48050
=916  \\$aTenderenda-Ożóg, Ewa   
=931  \\$a821.162.1(091)(045/046)
=945  0\$b2022
=946  \\$k2022
=955  \7$aArtykuł z czasopisma literackiego$2DBN
=958  \\$aLiteraturoznawstwo
=980  \\$aArtykuły
=999  \\$aBNzkdbzcz$brs$x10$y2022
  
