=LDR  03182nam a2200829 i 4500
=001  b1000002685164
=005  20230106141708.0
=008  221019s2022    pl aho       |010 0 pol c
=009  9912846850205606
=015  \\$aUWD 2022/35248
=020  \\$a9788322937907$q(oprawa twarda)
=035  \\$a(PL)b1000002685164
=040  \\$aWA N$cWA N$dWA N$dKR U$dWA N$dLUBL KUL$dWA N
=045  2\$bd1962$bd222
=046  \\$k2022
=080  \\$81.1\x$a821.162.1(091)"19"
=080  \\$81.2\x$a821.162.1(091)"20"
=084  \\$a01
=245  00$aCzytając O. T. :$bpublikacja towarzysząca nadaniu Oldze Tokarczuk doktoratu honoris causa Uniwersytetu Wrocławskiego /$c[redakcja: Katarzyna Uczkiewicz, Piotr Jakub Fereński].
=246  30$aPublikacja towarzysząca nadaniu Oldze Tokarczuk doktoratu honoris causa Uniwersytetu Wrocławskiego
=260  \\$aWrocław :$bWydawnictwo Uniwersytetu Wrocławskiego,$ccopyright 2022.
=300  \\$a191, [4] strony :$bfaksymilia, fotografie, ilustracje ;$c22 cm.
=336  \\$aTekst$btxt$2rdacontent
=337  \\$aBez urządzenia pośredniczącego$bn$2rdamedia
=338  \\$aWolumin$bnc$2rdacarrier
=380  \\$aKsiążki
=388  1\$a2001-
=600  17$aTokarczuk, Olga$d(1962- )$2DBN
=610  27$aUniwersytet Wrocławski$2DBN
=648  \7$a1901-2000$2DBN
=648  \7$a1945-1989$2DBN
=648  \7$a1989-2000$2DBN
=650  \7$aDoktor honoris causa$2DBN
=650  \7$aLiteratura polska$2DBN
=651  \7$aWrocław (woj. dolnośląskie)$2DBN
=655  \7$aEsej$2DBN
=658  \\$aHistoria
=700  1\$aUczkiewicz, Katarzyna$d(1978- )$eRedakcja
=710  2\$aWydawnictwo Uniwersytetu Wrocławskiego$eWydawca$4pbl
=852  \\$822715374920005066$j1$h3.621.735$bBN_PL$p30001031934075$cbk8
=852  \\$822715374950005066$j1$h3.223.525 A$bBN_PL$p30001031934068$cbk1
=852  \\$822378593290006831$j1$h746163 II$bBuKul$p1001312467$cBG_Magazyn
=852  \\$822603137610005067$j1$hB 888224 II$bBJ$p1003140587$cBJ_MAG
=852  \\$822603137660005067$j1$h1.042.914 II A$bBJ$p1003140586$cBJ_EGZ_A
=910  \\$a746163 II$b22/eo/14809$9local$z48OMNIS_KUL
=915  \\$aUWD 2022/35248
=918  1\$aUczkiewicz, Katarzyna$d(1978- )
=920  \\$a978-83-229-3790-7 (oprawa twarda)
=921  2\$aWydawnictwo Uniwersytetu Wrocławskiego
=923  \\$aWydawnictwo Uniwersytetu Wrocławskiego
=931  \\$a821.162.1(091)"19"
=931  \\$a821.162.1(091)"20"
=945  2\$b1962$b222
=946  \\$k2022
=951  \7$aWrocław (woj. dolnośląskie)$2DBN
=955  \7$aEsej$2DBN
=958  \\$aHistoria
=980  \\$aKsiążki
=999  \\$aBNzkdeo$bagk$xuwd42$y22
  
