=LDR  01839naa a2200541 i 4500
=001  b1000002692348
=005  20221202132633.3
=008  221027s2021    pl           |000 0 pol c
=009  9912848650205606
=015  \\$aBZCz 2022/48054
=024  7\$a10.5604/01.3001.0015.6088$2doi
=035  \\$a(PL)b1000002692348
=040  \\$aWA N$cWA N$dWA N
=041  0\$apol$beng
=045  0\$bd2020
=046  \\$k2021
=080  \\$a821.162.1(091)(045/046)
=100  1\$aTomalak, Barbara$eAutor
=245  10$aKilka słów o Krainie Metaksy Olgi Tokarczuk /$cBarbara Tomalak (Akademia Techniczno-Humanistyczna w Bielsku-Białej).
=260  \\$c2021.
=336  \\$aTekst$btxt$2rdacontent
=337  \\$aBez urządzenia pośredniczącego$bn$2rdamedia
=338  \\$aWolumin$bnc$2rdacarrier
=380  \\$aArtykuły
=388  1\$a2001-
=546  \\$aStreszczenie w języku angielskim.
=600  17$aTokarczuk, Olga$d(1962- ).$tCzuły narrator$2DBN
=648  \7$a2001-$2DBN
=650  \7$aEsej$2DBN
=655  \7$aArtykuł problemowy$2DBN
=658  \\$aLiteraturoznawstwo
=710  2\$aAkademia Techniczno-Humanistyczna (Bielsko-Biała)$4oth
=773  0\$iW:$tŚwiat i Słowo : filologia, nauki społeczne, filozofia, teologia.$x1731-3317$g2021, nr 2, s. 53-72$w(PL)b0000001574757
=915  \\$aBZCz 2022/48054
=916  \\$aTomalak, Barbara   
=921  2\$aAkademia Techniczno-Humanistyczna (Bielsko-Biała)
=931  \\$a821.162.1(091)(045/046)
=945  0\$b2020
=946  \\$k2021
=955  \7$aArtykuł problemowy$2DBN
=958  \\$aLiteraturoznawstwo
=980  \\$aArtykuły
=999  \\$aBNzkdbzcz$brs$x10$y2022
  
