=LDR  01741naa a2200541 i 4500
=001  b1000002694574
=005  20230118132005.2
=008  221102s2022    pl           |000 e pol c
=009  9912848637105606
=015  \\$aBZCz 2022/51538
=035  \\$a(PL)b1000002694574
=040  \\$aWA N$cWA N$dWA N$dOLSZT W
=045  2\$bd1952$bd2022
=046  \\$k2022
=080  \\$a821.162.1(091)(045/046)
=100  1\$aMaliszewski, Karol$d(1960- )$eAutor
=245  10$aDo Krainy Metaksy :$bTokarczuk a Brakoniecki /$cKarol Maliszewski.
=260  \\$c2022.
=336  \\$aTekst$btxt$2rdacontent
=337  \\$aBez urządzenia pośredniczącego$bn$2rdamedia
=338  \\$aWolumin$bnc$2rdacarrier
=380  \\$aArtykuły
=388  1\$a2001-
=600  17$aBrakoniecki, Kazimierz$d(1952- )$2DBN
=648  \7$a1901-2000$2DBN
=648  \7$a1945-1989$2DBN
=648  \7$a1989-2000$2DBN
=650  \7$aLiteratura polska$2DBN
=655  \7$aArtykuł z czasopisma literackiego$2DBN
=658  \\$aLiteraturoznawstwo
=773  0\$iW:$tTwórczość : miesięcznik literacko-krytyczny.$x0041-4727$gR. 78, nr 5 (2022), s. 64-71$w(PL)b0000001302625
=915  \\$aBZCz 2022/51538
=916  \\$aMaliszewski, Karol   (1960- )
=931  \\$a821.162.1(091)(045/046)
=935  \\$aBR$9LOCAL
=945  2\$b1952$b2022
=946  \\$k2022
=955  \7$aArtykuł z czasopisma literackiego$2DBN
=958  \\$aLiteraturoznawstwo
=980  \\$aArtykuły
=999  \\$aBNzkdbzcz$bans$x11$y2022
  
