=LDR  01552naa a2200505 i 4500
=001  b1000002699094
=005  20230112171804.3
=008  221108s2022    pl           |000 e pol c
=009  9912853693505606
=015  \\$aBZCz 2022/51481
=035  \\$a(PL)b1000002699094
=040  \\$aWA N$cWA N$dWA N
=045  0\$bd2022
=046  \\$k2022
=080  \\$a821.162.1(091)(045/046)
=100  1\$aFox, Marta$eAutor
=245  10$aCzy widział ktoś mężczyznę w klatce? :$bo literaturze i płci /$cMarta Fox.
=260  \\$c2022.
=336  \\$aTekst$btxt$2rdacontent
=337  \\$aBez urządzenia pośredniczącego$bn$2rdamedia
=338  \\$aWolumin$bnc$2rdacarrier
=380  \\$aArtykuły
=388  1\$a2001-
=600  17$aTokarczuk, Olga$d(1962- )$2DBN
=648  \7$a2001-$2DBN
=650  \7$aLiteratura polska$2DBN
=650  \7$aPisarze polscy$2DBN
=650  \7$aPłeć$2DBN
=655  \7$aArtykuł z czasopisma literackiego$2DBN
=658  \\$aLiteraturoznawstwo
=773  0\$iW:$tMigotania : gazeta literacka.$x2083-2494$g2022, nr 3, s. 35-37$w(PL)b0000002635952
=915  \\$aBZCz 2022/51481
=916  \\$aFox, Marta   
=931  \\$a821.162.1(091)(045/046)
=945  0\$b2022
=946  \\$k2022
=955  \7$aArtykuł z czasopisma literackiego$2DBN
=958  \\$aLiteraturoznawstwo
=980  \\$aArtykuły
=999  \\$aBNzkdbzcz$bans$x11$y2022
  
