=LDR  02465naa a2200685 i 4500
=001  b1000002699497
=005  20230112171830.3
=008  221108s2022    pl           |000 0dpol c
=009  9912854276405606
=015  \\$aBZCz 2022/50359
=035  \\$a(PL)b1000002699497
=040  \\$aWAN$cWAN$dWA N
=041  0\$apol$beng
=045  0\$bd1740
=046  \\$k2022
=080  \\$81.1\x$a52(045/046)
=100  1\$aKrzyżanowska-Walaszczyk, Ewa$eAutor
=245  10$aMapa Isaaka Tiriona a "Księgi Jakubowe" Olgi Tokarczuk /$cEwa Krzyżanowska-Walaszczyk (Politechnika Poznańska. Wydział Architektury).
=260  \\$c2022.
=336  \\$aTekst$btxt$2rdacontent
=337  \\$aBez urządzenia pośredniczącego$bn$2rdamedia
=338  \\$aWolumin$bnc$2rdacarrier
=380  \\$aArtykuły
=388  1\$a2001-
=504  \\$aBibliografia na stronach 592-594.
=546  \\$aStreszczenie w języku angielskim.
=600  17$aTirion, Isaak$d(ok. 1705-ok. 1769)$2DBN
=648  \7$a1701-1800$2DBN
=650  \7$aLiteratura polska$2DBN
=650  \7$aMapy$2DBN
=651  \7$aEuropa Środkowo-Wschodnia$2DBN
=655  \7$aArtykuł problemowy$2DBN
=655  \7$aArtykuł z czasopisma geograficznego$2DBN
=658  \\$aGeografia i nauki o Ziemi
=658  \\$aHistoria
=710  2\$aWydział Architektury (Politechnika Poznańska)$4oth
=773  0\$iW:$tZ Dziejów Kartografii.$x0138-0850$gT. 24 (2022), s. 575-594$w(PL)b0000001757102
=915  \\$aBZCz 2022/50359
=916  \\$aKrzyżanowska-Walaszczyk, Ewa   
=921  2\$aWydział Architektury (Politechnika Poznańska)
=931  \\$a52(045/046)
=945  0\$b1740
=946  \\$k2022
=951  \7$aEuropa Środkowo-Wschodnia$2DBN
=955  \7$aArtykuł problemowy$2DBN
=955  \7$aArtykuł z czasopisma geograficznego$2DBN
=958  \\$aGeografia i nauki o Ziemi
=958  \\$aHistoria
=980  \\$aArtykuły
=999  \\$aBNzkdbzcz$bmrc$x11$y2022
  
