=LDR  04376nam a2201165 i 4500
=001  b1000002700893
=005  20230110130451.5
=008  221109s2022    pl c         |000 0 pol c
=009  9912854338605606
=015  \\$aUWD 2022/37256
=020  \\$a9788362247868$q(oprawa miękka) :$czł 44
=035  \\$a(PL)b1000002700893
=040  \\$aWA N$cWA N$dWA N$dKR U$dLUBL KUL
=045  2\$bd2020$bd2022
=046  \\$k2022
=080  \\$81.1\x$a821.162.1(091)"19"
=080  \\$81.2\x$a821.162.1(091)"20"
=084  \\$a10
=100  1\$aKoźbiel, Janina$d(1955- )$eAutor$eWywiad
=245  10$aSłowo i płeć :$brozmowy Janiny Koźbiel /$c[rozmówcy] Marcin Cielecki, Julia Fiedorczuk, Brygida Helbig, Inga Iwasiów, Eliza Kącka, Jacek Kleyff, Katarzyna Kłosińska, Anna Piwkowska, Janusz Rudnicki, Wit Szostak, Agata Tuszyńska.
=246  30$aRozmowy Janiny Koźbiel
=250  \\$aWydanie I.
=260  \\$aPruszków :$bJanKa,$c2022.
=300  \\$a301, [6] stron :$bportrety ;$c21 cm.
=336  \\$aTekst$btxt$2rdacontent
=337  \\$aBez urządzenia pośredniczącego$bn$2rdamedia
=338  \\$aWolumin$bnc$2rdacarrier
=380  \\$aKsiążki
=388  1\$a2001-
=600  17$aCielecki, Marcin$d(1979- )$2DBN
=600  17$aFiedorczuk, Julia$d(1975- )$2DBN
=600  17$aHelbig, Brigitta$d(1963- )$2DBN
=600  17$aIwasiów, Inga$d(1963- )$2DBN
=600  17$aKącka, Eliza$d(1982- )$2DBN
=600  17$aKleyff, Jacek$d(1947- )$2DBN
=600  17$aKłosińska, Katarzyna$2DBN
=600  17$aPiwkowska, Anna$d(1963- )$2DBN
=600  17$aRudnicki, Janusz$d(1956- )$2DBN
=600  17$aSzostak, Wit$d(1976- )$2DBN
=600  17$aSzostak, Wit$d(1976- ).$tSzczelinami$2DBN
=600  17$aTokarczuk, Olga$d(1962- ).$tEmpuzjon$2DBN
=648  \7$a2001-$2DBN
=650  \7$aFeminizm$2DBN
=650  \7$aLiteratura polska$2DBN
=650  \7$aPisarze polscy$2DBN
=651  \7$aPolska$2DBN
=655  \7$aEsej$2DBN
=658  \\$aLiteraturoznawstwo
=700  1\$aCielecki, Marcin$d(1979- )$eWywiad
=700  1\$aFiedorczuk, Julia$d(1975- )$eWywiad
=700  1\$aHelbig, Brigitta$d(1963- )$eWywiad
=700  1\$aIwasiów, Inga$d(1963- )$eWywiad
=700  1\$aKącka, Eliza$d(1982- )$eWywiad
=700  1\$aKleyff, Jacek$d(1947- )$eWywiad
=700  1\$aKłosińska, Katarzyna$eWywiad
=700  1\$aPiwkowska, Anna$d(1963- )$eWywiad
=700  1\$aRudnicki, Janusz$d(1956- )$eWywiad
=700  1\$aSzostak, Wit$d(1976- )$eWywiad
=710  2\$aJanKa Wydawnictwo i... Jan Koźbiel$eWydawca$4pbl
=852  \\$822715742280005066$j1$h3.223.984 A$bBN_PL$p30001032094136$cbk1
=852  \\$822715742250005066$j1$h3.623.117$bBN_PL$p30001032094143$cbk8
=852  \\$822378786190006831$j1$h746730 II$bBuKul$p1001374135$cBG_Magazyn
=852  \\$822603943970005067$j1$h1.044.363 I A$bBJ$p1003118479$cBJ_EGZ_A
=852  \\$822603943910005067$j0$hB 865583 I$bBJ$p1003118477$cBJ_MAG
=910  \\$a746730 II$b22/eo/15609$9local$z48OMNIS_KUL
=915  \\$aUWD 2022/37256
=916  \\$aKoźbiel, Janina   (1955- )
=918  1\$aCielecki, Marcin$d(1979- )
=918  1\$aFiedorczuk, Julia$d(1975- )
=918  1\$aHelbig, Brigitta$d(1963- )
=918  1\$aIwasiów, Inga$d(1963- )
=918  1\$aKącka, Eliza$d(1982- )
=918  1\$aKleyff, Jacek$d(1947- )
=918  1\$aKłosińska, Katarzyna
=918  1\$aPiwkowska, Anna$d(1963- )
=918  1\$aRudnicki, Janusz$d(1956- )
=918  1\$aSzostak, Wit$d(1976- )
=920  \\$a978-83-62247-86-8 (oprawa miękka) :$czł 44
=921  2\$aJanKa Wydawnictwo i... Jan Koźbiel
=923  \\$aJanKa Wydawnictwo i... Jan Koźbiel
=931  \\$a821.162.1(091)"19"
=931  \\$a821.162.1(091)"20"
=945  2\$b2020$b2022
=946  \\$k2022
=951  \7$aPolska$2DBN
=955  \7$aEsej$2DBN
=958  \\$aLiteraturoznawstwo
=980  \\$aKsiążki
=999  \\$aBNzkdeo$bazd$xuwd45$y22
  
