=LDR  01641naa a2200505 i 4500
=001  b1000002701851
=005  20221111172804.6
=008  221110s2022    pl           |000 0 pol c
=009  9912855580005606
=035  \\$a(PL)b1000002701851
=040  \\$aWA N$cWA N$dWA N
=045  2\$bd1983$bd1993
=046  \\$k2022
=080  \\$a821.162.1(091)(045/046)
=100  1\$aRabizo-Birek, Magdalena$d(1964- )$eAutor
=245  10$aOlga Tokarczuk i poezja /$cMagdalena Rabizo-Birek (Uniwersytet Rzeszowski).
=260  \\$c2022.
=336  \\$aTekst$btxt$2rdacontent
=337  \\$aBez urządzenia pośredniczącego$bn$2rdamedia
=338  \\$aWolumin$bnc$2rdacarrier
=380  \\$aArtykuły
=388  1\$a2001-
=600  17$aTokarczuk, Olga$d(1962- )$2DBN
=648  \7$a1901-2000$2DBN
=648  \7$a1945-1989$2DBN
=650  \7$aLiteratura polska$2DBN
=655  \7$aArtykuł problemowy$2DBN
=658  \\$aLiteraturoznawstwo
=710  2\$aUniwersytet Rzeszowski$4oth
=773  0\$iW:$tPoezja polska ostatnich dwustu lat : odczytania i przekroje " dla profesora Mariana Stali na jubileusz.$gs. 425-442$w(PL)b1000002686974
=916  \\$aRabizo-Birek, Magdalena   (1964- )
=921  2\$aUniwersytet Rzeszowski
=931  \\$a821.162.1(091)(045/046)
=945  2\$b1983$b1993
=946  \\$k2022
=955  \7$aArtykuł problemowy$2DBN
=958  \\$aLiteraturoznawstwo
=980  \\$aArtykuły
=999  \\$aBNzkdroz$brs
  
