=LDR  02174nam a2200721 i 4500
=001  b1000002703384
=005  20230131142105.3
=006  m     o  d |      
=007  cr#cn#nnnann|n
=008  221114s2016    pl      o    |000 0 pol c
=009  9912856981905606
=015  \\$aUWD 2022/42346
=020  \\$a9788365666215
=035  \\$a(PL)b1000002703384
=040  \\$aWA N$cWA N$dWA N
=045  2\$bd1993$bd2009
=046  \\$k2016
=080  \\$81.1\x$a821.162.1(091)"19"
=080  \\$81.2\x$a821.162.1(091)"20"
=084  \\$a01
=100  1\$aZgrzywa, Jan$d(1973- )$eAutor
=245  10$aAforyzmy w prozie Olgi Tokarczuk /$cJan Zgrzywa.
=250  \\$aWydanie pierwsze cyfrowe.
=256  \\$aDane tekstowe.
=260  \\$aPoznań :$bWydawnictwo "Poznańskie Studia Polonistyczne",$c2016.
=336  \\$aTekst$btxt$2rdacontent
=337  \\$aKomputer$bc$2rdamedia
=338  \\$aDokument online$bcr$2rdacarrier
=347  \\$aPlik tekstowy$bPDF$c1,03 MB
=380  \\$aE-booki
=388  1\$a2001-
=500  \\$aTytuł z pierwszego ekranu.
=504  \\$aBibliografia na stronach 167-170.
=538  \\$aTryb dostępu: online.
=600  17$aTokarczuk, Olga$d(1962- )$2DBN
=648  \7$a1901-2000$2DBN
=648  \7$a1989-2000$2DBN
=650  \7$aAforyzmy$2DBN
=650  \7$aLiteratura polska$2DBN
=655  \7$aMonografia$2DBN
=658  \\$aLiteraturoznawstwo
=710  2\$aWydawnictwo Poznańskie Studia Polonistyczne$eWydawca$4pbl
=852  \\$822715916620005066$j1$bBN_PL$p888a1281972$crep
=902  \\$en
=915  \\$aUWD 2022/42346
=916  \\$aZgrzywa, Jan   (1973- )
=920  \\$a978-83-65666-21-5
=921  2\$aWydawnictwo Poznańskie Studia Polonistyczne
=923  \\$aWydawnictwo Poznańskie Studia Polonistyczne
=931  \\$a821.162.1(091)"19"
=931  \\$a821.162.1(091)"20"
=945  2\$b1993$b2009
=946  \\$k2016
=955  \7$aMonografia$2DBN
=958  \\$aLiteraturoznawstwo
=980  \\$aE-booki
=999  \\$aBNzkdde$bjjk$xuwd50a$y22
  
