=LDR  02018naa a2200589 i 4500
=001  b1000002703625
=005  20230112171804.3
=008  221114s2022    pl           |000 0 pol c
=009  9912856851605606
=015  \\$aBZCz 2022/51489
=024  7\$a10.26112/kw.2022.117.10$2doi
=035  \\$a(PL)b1000002703625
=040  \\$aWA N$cWA N$dWA N
=041  0\$apol$beng
=045  0\$bd2001
=046  \\$k2021
=080  \\$a821.162.1(091)(045/046)
=100  1\$aGralewicz-Wolny, Iwona$eAutor
=245  10$aAd minimum :$b"Profesor Andrews w Warszawie" Olgi Tokarczuk jako opowieść o potrzebach /$cIwona Gralewicz-Wolny.
=246  30$a"Profesor Andrews w Warszawie" Olgi Tokarczuk jako opowieść o potrzebach
=260  \\$c2022.
=336  \\$aTekst$btxt$2rdacontent
=337  \\$aBez urządzenia pośredniczącego$bn$2rdamedia
=338  \\$aWolumin$bnc$2rdacarrier
=380  \\$aArtykuły
=388  1\$a2001-
=504  \\$aBibliografia na stronach 148-149.
=546  \\$aStreszczenie w języku angielskim.
=600  17$aTokarczuk, Olga$d(1962- ).$tProfesor Andrews w Warszawie$2DBN
=648  \7$a2001-$2DBN
=650  \7$aLiteratura polska$2DBN
=650  \7$aOdmienność kulturowa$2DBN
=650  \7$aOpowiadania i nowele$2DBN
=650  \7$aPiramida potrzeb Maslowa$2DBN
=650  \7$aPRL$2DBN
=655  \7$aArtykuł problemowy$2DBN
=658  \\$aLiteraturoznawstwo
=773  0\$iW:$tKultura Współczesna : teoria, interpretacje, krytyka.$x1230-4808$g2022, nr 1, s. 137-149$w(PL)b0000001608722
=915  \\$aBZCz 2022/51489
=916  \\$aGralewicz-Wolny, Iwona   
=931  \\$a821.162.1(091)(045/046)
=945  0\$b2001
=946  \\$k2021
=955  \7$aArtykuł problemowy$2DBN
=958  \\$aLiteraturoznawstwo
=980  \\$aArtykuły
=999  \\$aBNzkdbzcz$btkr$x11$y2022
  
