=LDR  01932naa a2200529 i 4500
=001  b1000002706486
=005  20221118155216.8
=008  221117s2022    pl       o    |0000 pol c
=009  9912857269405606
=015  \\$aPrasa 2022/11/17
=035  \\$a(PL)b1000002706486
=040  \\$aWA N$cWA N$dWA N
=045  0\$bd2022
=046  \\$k2022
=100  1\$aMrozek, Witold$d(1986- )$eRecenzja
=245  10$aPoczet mesjaszy :$b"Księgi Jakubowe" Olgi Tokarczuk w inscenizacji Michała Zadary  /$cWitold Mrozek.
=246  30$a"Księgi Jakubowe" Olgi Tokarczuk w inscenizacji Michała Zadary
=260  \\$c15 XI 2022.
=336  \\$aTekst$btxt$2rdacontent
=337  \\$aBez urządzenia pośredniczącego$bn$2rdamedia
=338  \\$aWolumin$bnc$2rdacarrier
=380  \\$aArtykuły
=388  1\$a2001-
=520  0\$aZawiera recenzję przedstawienia: Księgi Jakubowe / Olga Tokarczuk ; reżyseria Michał Zadara ;Teatr Narodowyw Warszawie.
=600  17$aTokarczuk, Olga$d(1962- ).$tKsięgi Jakubowe albo Wielka podróż przez siedem granic, pięć języków i trzy duże religie, nie licząc tych małych$2DBN
=610  27$aTeatr Narodowy (Warszawa)$2DBN
=648  \7$a2001-$2DBN
=650  \7$aInscenizacja$2DBN
=651  \7$aWarszawa (woj. mazowieckie)$2DBN
=655  \7$aArtykuł z gazety$2DBN
=658  \\$aHistoria
=773  0\$iW:$tGazeta Wyborcza (Wyd. zasadnicze).$x0860-908X$g2022, nr 265, s. 16$w(PL)b0000001301576
=915  \\$aPrasa 2022/11/17
=916  \\$aMrozek, Witold   (1986- )
=945  0\$b2022
=946  \\$k2022
=951  \7$aWarszawa (woj. mazowieckie)$2DBN
=955  \7$aArtykuł z gazety$2DBN
=958  \\$aHistoria
=980  \\$aArtykuły
=999  \\$aBNzkdprasa$bjkr
  
