=LDR  01848naa a2200565 i 4500
=001  b1000002707257
=005  20221119155624.5
=008  221117s2022    pl            000 0 pol  
=009  9912859668905606
=015  \\$aPrasa 2022/11/17
=035  \\$a(PL)b1000002707257
=040  \\$aBPTOR$cBPTOR$dWA N
=045  2\$bd1976$bd2022
=046  \\$k2022
=100  1\$aKarpiuk, Dawid$eAutor
=245  10$aZobaczymy się /$cDawid Karpiuk.
=260  \\$c14-20 XI 2022.
=336  \\$aTekst$btxt$2rdacontent
=337  \\$aBez urządzenia pośredniczącego$bn$2rdamedia
=338  \\$aWolumin$bnc$2rdacarrier
=380  \\$aArtykuły
=388  1\$a2001-
=600  17$aTokarczuk, Olga$d(1962- ).$tKsięgi Jakubowe albo Wielka podróż przez siedem granic, pięć języków i trzy duże religie, nie licząc tych małych$2DBN
=610  27$aTeatr Narodowy (Warszawa)$2DBN
=648  \7$a1901-2000$2DBN
=648  \7$a1945-1989$2DBN
=648  \7$a1989-2000$2DBN
=650  \7$aInscenizacja$2DBN
=651  \7$aWarszawa (woj. mazowieckie)$2DBN
=655  \7$aArtykuł publicystyczny$2DBN
=658  \\$aHistoria
=773  0\$iW:$tNewsweek Polska.$x1642-5685$g2022, nr 46, s. 84-86$w(PL)b0000001458514
=915  \\$aPrasa 2022/11/17
=916  \\$aKarpiuk, Dawid.   
=945  2\$b1976$b2022
=946  \\$k2022
=951  \7$aWarszawa (woj. mazowieckie)$2DBN
=955  \7$aArtykuł publicystyczny$2DBN
=958  \\$aHistoria
=980  \\$aArtykuły
=999  \\$aBPTOR$bMJ
  
