=LDR  02130naa a2200649 i 4500
=001  b1000002718464
=005  20221203141617.1
=008  221202s2022    pl            |0000 pol c
=009  9913128940005606
=015  \\$aPrasa 2022/12/02
=035  \\$a(PL)b1000002718464
=040  \\$aWA N$cWA N$dWA N
=045  2\$bd2021$bd2023
=046  \\$k2022
=245  00$aAutoportret z filtrem :$bnowa książka Olgi Tokarczuk /$crozmowa z Olgą Tokarczuk i Joanną Concejo ; Michał Nogaś.
=260  \\$c1 XII 2022.
=336  \\$aTekst$btxt$2rdacontent
=337  \\$aBez urządzenia pośredniczącego$bn$2rdamedia
=338  \\$aWolumin$bnc$2rdacarrier
=380  \\$aArtykuły
=388  1\$a2001-
=500  \\$aFragment.
=520  8\$aPowieść graficzna o kulturze selfi dla dorosłych i młodzieży "Pan Wyrazisty".
=600  17$aConcejo, Joanna$d(1971- )$2DBN
=648  \7$a2001-$2DBN
=650  \7$aIlustracje$2DBN
=650  \7$aIlustratorzy polscy$2DBN
=650  \7$aLiteratura polska$2DBN
=650  \7$aPisarze polscy$2DBN
=650  \7$aPowieść graficzna$2DBN
=650  \7$aSelfie$2DBN
=651  \7$aPolska$2DBN
=655  \7$aArtykuł z gazety$2DBN
=658  \\$aHistoria
=658  \\$aKultura i sztuka
=700  1\$aTokarczuk, Olga$d(1962- )$eWywiad
=773  0\$iW:$tGazeta Wyborcza (Wyd. zasadnicze).$x0860-908X$g2022, nr 279, s. 16-17$w(PL)b0000001301576
=915  \\$aPrasa 2022/12/02
=918  1\$aTokarczuk, Olga$d(1962- )
=945  2\$b2021$b2023
=946  \\$k2022
=951  \7$aPolska$2DBN
=955  \7$aArtykuł z gazety$2DBN
=958  \\$aHistoria
=958  \\$aKultura i sztuka
=980  \\$aArtykuły
=999  \\$aBNzkdprasa$bjkr
  
