=LDR  01596naa a2200469 i 4500
=001  b1000002720131
=005  20221206124134.2
=008  221205s2022    pl       o   |000 0 pol c
=009  9913130071205606
=035  \\$a(PL)b1000002720131
=040  \\$aWA N$cWA N$dWA N
=045  0\$bd2022
=046  \\$k2022
=080  \\$a821.162.1(091)(045/046)
=100  1\$aSubocz-Białek, Paulina$d(1991- )$eRecenzja
=245  10$aCzy w "Empuzjonie" straszy? /$cPaulina Subocz-Białek.
=260  \\$c2022.
=336  \\$aTekst$btxt$2rdacontent
=337  \\$aBez urządzenia pośredniczącego$bn$2rdamedia
=338  \\$aWolumin$bnc$2rdacarrier
=380  \\$aArtykuły
=388  1\$a2001-
=520  8\$aZawiera recenzję książki: Empuzjon / Olga Tokarczuk. - Kraków, 2022.
=600  17$aTokarczuk, Olga$d(1962- ).$tEmpuzjon$2DBN
=648  \7$a2001-$2DBN
=650  \7$aLiteratura polska$2DBN
=655  \7$aArtykuł z czasopisma literackiego$2DBN
=658  \\$aLiteraturoznawstwo
=773  0\$iW:$tNowe Książki : przegląd nowości wydawniczych.$x0137-8562$g2022, nr 10, s. 20-21$w(PL)b0000001302612
=916  \\$aSubocz-Białek, Paulina   (1991- )
=931  \\$a821.162.1(091)(045/046)
=945  0\$b2022
=946  \\$k2022
=955  \7$aArtykuł z czasopisma literackiego$2DBN
=958  \\$aLiteraturoznawstwo
=980  \\$aArtykuły
=999  \\$aBNzkdbzcz$bans$x12$y2022
  
