=LDR  02040naa a2200589 i 4500
=001  b1000002723003
=005  20221208143434.0
=008  221207s2022    pl           |000 0 pol c
=009  9913132721905606
=035  \\$a(PL)b1000002723003
=040  \\$aWA N$cWA N$dWA N
=041  0\$apol$beng
=045  0\$bd2009
=046  \\$k2022
=080  \\$a821.162.1(091)(045/046)
=100  1\$aJudek, Dominik$d(1999- )$eAutor
=245  10$aPorównania przyrodnicze w powieści Olgi Tokarczuk "Prowadź swój pług przez kości umarłych" /$cDominik Judek (Uniwersytet Zielonogórski).
=260  \\$c2022.
=336  \\$aTekst$btxt$2rdacontent
=337  \\$aBez urządzenia pośredniczącego$bn$2rdamedia
=338  \\$aWolumin$bnc$2rdacarrier
=380  \\$aArtykuły
=388  1\$a2001-
=504  \\$aBibliografia, netografia na stronach 165-166.
=546  \\$aStreszczenie w języku angielskim.
=600  17$aTokarczuk, Olga$d(1962- ).$tProwadź swój pług przez kości umarłych$2DBN
=648  \7$a2001-$2DBN
=650  \7$aEkokrytyka$2DBN
=650  \7$aLiteratura polska$2DBN
=650  \7$aPorównanie (literatura)$2DBN
=650  \7$aPowieść$2DBN
=650  \7$aPrzyroda$2DBN
=655  \7$aArtykuł problemowy$2DBN
=655  \7$aArtykuł z czasopisma filologicznego$2DBN
=658  \\$aLiteraturoznawstwo
=710  2\$aUniwersytet Zielonogórski$4oth
=773  0\$iW:$tZielonogórskie Seminaria Językoznawcze.$x2299-4572$g2022, s. 151-167$w(PL)b0000002575024
=916  \\$aJudek, Dominik   (1999- )
=921  2\$aUniwersytet Zielonogórski
=931  \\$a821.162.1(091)(045/046)
=945  0\$b2009
=946  \\$k2022
=955  \7$aArtykuł problemowy$2DBN
=955  \7$aArtykuł z czasopisma filologicznego$2DBN
=958  \\$aLiteraturoznawstwo
=980  \\$aArtykuły
=999  \\$aBNzkdbzcz$bsg$x12$y2022
  
