=LDR  02004naa a2200469 i 4500
=001  b1000002724731
=005  20230127135551.1
=008  221208s2016    pl       o   |000 0 pol c
=009  9913133743805606
=035  \\$a(PL)b1000002724731
=040  \\$aWAN$cWAN$dWA N
=045  0\$bd2014
=046  \\$k2016
=080  \\$a821.162.1(091)(045/046)
=100  1\$aJasińska, Anita$eRecenzja
=245  10$aW pismach, podobno, jest wszystko /$cAnita Jasińska.
=260  \\$c2016.
=336  \\$aTekst$btxt$2rdacontent
=337  \\$aBez urządzenia pośredniczącego$bn$2rdamedia
=338  \\$aWolumin$bnc$2rdacarrier
=380  \\$aArtykuły
=388  1\$a2001-
=520  8\$aZawiera recenzję książki: Księgi Jakubowe albo Wielka podróż przez siedem granic, pięć języków i trzy duże religie, nie licząc tych małych : |b opowiadana przez zmarłych, a przez autorkę dopełniona metodą koniektury, z wielu rozmaitych ksiąg zaczerpnięta, a także wspomożona imaginacją, która to jest największym naturalnym darem człowieka / Olga Tokarczuk. - Kraków, 2014.
=600  17$aTokarczuk, Olga$d(1962- ).$tKsięgi Jakubowe albo Wielka podróż przez siedem granic, pięć języków i trzy duże religie, nie licząc tych małych$2DBN
=648  \7$a2001-$2DBN
=650  \7$aPowieść$2DBN
=655  \7$aArtykuł z czasopisma społeczno-kulturalnego$2DBN
=658  \\$aLiteraturoznawstwo
=773  0\$iW:$tŚląsk : miesięcznik społeczno-kulturalny.$x1425-3917$gR. 21, nr 3 (2016), s. 70$w(PL)b0000001101969
=916  \\$aJasińska, Anita   
=931  \\$a821.162.1(091)(045/046)
=945  0\$b2014
=946  \\$k2016
=955  \7$aArtykuł z czasopisma społeczno-kulturalnego$2DBN
=958  \\$aLiteraturoznawstwo
=980  \\$aArtykuły
=999  \\$aBNzkdbzcz$barz$x01$y2023
  
