=LDR  01917naa a2200541 i 4500
=001  b1000002729274
=005  20221215134655.3
=008  221214s2022    pl       o    |0000 pol c
=009  9913135247605606
=015  \\$aPrasa 2022/12/14
=035  \\$a(PL)b1000002729274
=040  \\$aWA N$cWA N$dWA N
=045  0\$bd2022
=046  \\$k2022
=100  0\$aMiłkowski, Tomasz$d(1947- )$eRecenzja
=245  10$aTokarczuk na scenie narodowej /$cTomasz Miłkowski.
=260  \\$c9-11 XII 2022.
=336  \\$aTekst$btxt$2rdacontent
=337  \\$aBez urządzenia pośredniczącego$bn$2rdamedia
=338  \\$aWolumin$bnc$2rdacarrier
=380  \\$aArtykuły
=388  1\$a2001-
=520  8\$aZawiera recenzję przedstawienia: Księgi Jakubowe / Olga Tokarczuk ; reżyseria Michał Zadura ; Teatr Narodowy.
=600  17$aTokarczuk, Olga$d(1962- ).$tKsięgi Jakubowe albo Wielka podróż przez siedem granic, pięć języków i trzy duże religie, nie licząc tych małych$2DBN
=610  27$aTeatr Narodowy (Warszawa)$2DBN
=648  \7$a2001-$2DBN
=650  \7$aInscenizacja$2DBN
=651  \7$aWarszawa (woj. mazowieckie)$2DBN
=655  \7$aArtykuł z czasopisma społeczno-politycznego$2DBN
=655  \7$aArtykuł z gazety$2DBN
=658  \\$aHistoria
=773  0\$iW:$tDziennik Trybuna.$x2300-3197$g2022, nr 245, s. 19$w(PL)b0000002890472
=915  \\$aPrasa 2022/12/14
=916  \\$aMiłkowski, Tomasz   (1947- )
=945  0\$b2022
=946  \\$k2022
=951  \7$aWarszawa (woj. mazowieckie)$2DBN
=955  \7$aArtykuł z czasopisma społeczno-politycznego$2DBN
=955  \7$aArtykuł z gazety$2DBN
=958  \\$aHistoria
=980  \\$aArtykuły
=999  \\$aBNzkdprasa$bmp
  
