=LDR  03491naa a2200865 i 4500
=001  b1000002730304
=005  20230124134205.3
=008  221214s2021    pl           |100 0 pol c
=009  9913136089605606
=035  \\$a(PL)b1000002730304
=040  \\$aWA N$cWA N$dWA N
=041  0\$apol$beng
=046  \\$k2021
=080  \\$81.1\x$a316(045/046)
=080  \\$81.2\x$a821.162.1(091)(045/046)
=245  10$aCzułość:$bX Zakopiańskie Spotkania Antropologiczne, dzień drugi - dyskusja /$cMaciej Krupa, Magdalena Barbaruk, Zbigniew Benedyktynowicz, Agnieszka Bednarek-Bohdziewicz, Janusz Bohdziewicz, Michał Klinger, Krzysztof Meissner, Paweł Próchniak, Jan Szpilka, Wiesław Szpilka, Olga Tokarczuk ; transkrypcja i opracowanie: Justyna Chmielewska, Tomasz Szerszeń.
=260  \\$c2021.
=336  \\$aTekst$btxt$2rdacontent
=337  \\$aBez urządzenia pośredniczącego$bn$2rdamedia
=338  \\$aWolumin$bnc$2rdacarrier
=380  \\$aArtykuły
=388  1\$a2001-
=500  \\$aDyskusja na konferencji: X Zakopiańskie Spotkania Antropologiczne - Ramy świadectwa, 10-13 grudnia 2020.
=546  \\$aStreszczenie w języku angielskim.
=600  17$aTokarczuk, Olga$d(1962- ).$tCzuły narrator$2DBN
=650  \7$aLiteratura$2DBN
=650  \7$aPostawy$2DBN
=650  \7$aPrzekłady$2DBN
=655  \7$aArtykuł z czasopisma naukowego$2DBN
=655  \7$aArtykuł z czasopisma o sztuce$2DBN
=658  \\$aLiteraturoznawstwo
=700  1\$aKrupa, Maciej$d(1960- )$eModerator
=700  1\$aBarbaruk, Magdalena$d(1981- )$ePanelista
=700  1\$aBenedyktynowicz, Zbigniew$ePanelista
=700  1\$aBednarek-Bohdziewicz, Agnieszka$ePanelista
=700  1\$aBohdziewicz, Janusz$d(1972- )$ePanelista
=700  1\$aKlinger, Michał$d(1946- )$ePanelista
=700  1\$aMeissner, Krzysztof A.$d(1961- )$ePanelista
=700  1\$aPróchniak, Paweł$ePanelista
=700  1\$aSzpilka, Jan$ePanelista
=700  1\$aSzpilka, Wiesław$d(1957- )$ePanelista
=700  1\$aTokarczuk, Olga$d(1962- )$ePanelista
=700  1\$aChmielewska, Justyna$d(1983- )$eOpracowanie  
=773  0\$iW:$tKonteksty : polska sztuka ludowa.$x1230-6142$gR. 75, nr 1/2 (2021), s. 101-107$w(PL)b0000001472266
=918  1\$aKrupa, Maciej$d(1960- )
=918  1\$aBarbaruk, Magdalena$d(1981- )
=918  1\$aBenedyktynowicz, Zbigniew
=918  1\$aBednarek-Bohdziewicz, Agnieszka
=918  1\$aBohdziewicz, Janusz$d(1972- )
=918  1\$aKlinger, Michał$d(1946- )
=918  1\$aMeissner, Krzysztof A.$d(1961- )
=918  1\$aPróchniak, Paweł
=918  1\$aSzpilka, Jan
=918  1\$aSzpilka, Wiesław$d(1957- )
=918  1\$aTokarczuk, Olga$d(1962- )
=918  1\$aChmielewska, Justyna$d(1983- )
=931  \\$a316(045/046)
=931  \\$a821.162.1(091)(045/046)
=946  \\$k2021
=955  \7$aArtykuł z czasopisma naukowego$2DBN
=955  \7$aArtykuł z czasopisma o sztuce$2DBN
=958  \\$aLiteraturoznawstwo
=980  \\$aArtykuły
=999  \\$aBNzkdbzcz$bkux$x02$y2023
  
