=LDR  02483naa a2200649 i 4500
=001  b1000002742737
=005  20221228132132.3
=008  221227s2022    pl            000 0 pol c
=009  9913135291805606
=015  \\$aPrasa 2022/12/27
=035  \\$a(PL)b1000002742737
=040  \\$aKR M$cKR M$dWA N
=045  0\$bd2022
=046  \\$k2022
=100  1\$aKosiński, Dariusz$d(1966- )$eAutor
=245  10$aI tupała nóżką bosą :$bOlga Tokarczuk połączyła strzechy i idiotów zapewne niebacznym przypadkiem /$cDariusz Kosiński.
=246  30$aOlga Tokarczuk połączyła strzechy i idiotów zapewne niebacznym przypadkiem
=260  \\$c14 VIII 2022.
=336  \\$aTekst$btxt$2rdacontent
=337  \\$aBez urządzenia pośredniczącego$bn$2rdamedia
=338  \\$aWolumin$bnc$2rdacarrier
=380  \\$aArtykuły
=388  1\$a2001-
=520  8\$aDotyczy wypowiedzi Olgi Tokarczuk "(...) literatura nie jest dla idiotów".
=600  17$aTokarczuk, Olga$d(1962- )$2DBN
=611  27$aFestiwal Góry Literatury$n(8 ;$d2022 ;$cNowa Ruda /$cWałbrzych /$cRadków /$cŚcinawca Górna /$cSokołowsko)$2DBN
=648  \7$a2001-$2DBN
=650  \7$aDisco polo$2DBN
=650  \7$aGust$2DBN
=650  \7$aInteligencja (socjologia)$2DBN
=650  \7$aLiteratura obrachunków inteligenckich$2DBN
=650  \7$aRomantyzm$2DBN
=650  \7$aŻycie kulturalne$2DBN
=655  \7$aArtykuł publicystyczny$2DBN
=655  \7$aArtykuł z czasopisma katolickiego$2DBN
=655  \7$aArtykuł z czasopisma kulturalnego$2DBN
=658  \\$aKultura i sztuka
=658  \\$aLiteraturoznawstwo
=773  0\$iW:$tTygodnik Powszechny : katolickie pismo społeczno-kulturalne.$x0041-4808$g2022, nr 33, s. 68-71$w(PL)b0000001298071
=915  \\$aPrasa 2022/12/27
=916  \\$aKosiński, Dariusz   (1966- )
=945  0\$b2022
=946  \\$k2022
=955  \7$aArtykuł publicystyczny$2DBN
=955  \7$aArtykuł z czasopisma katolickiego$2DBN
=955  \7$aArtykuł z czasopisma kulturalnego$2DBN
=958  \\$aKultura i sztuka
=958  \\$aLiteraturoznawstwo
=980  \\$aArtykuły
=999  \\$aKR M$bms
  
