=LDR  01415naa a2200457 i 4500
=001  b1000002756679
=005  20230113140904.6
=008  230112s2022    pl           |000 0 pol c
=009  9913145384405606
=035  \\$a(PL)b1000002756679
=040  \\$aWA N$cWA N$dWA N
=045  2\$bd2001$bd2022
=046  \\$k2022
=080  \\$a821.162.1(091)(045/046)
=100  1\$aPisarz, Emil$eAutor
=245  10$aWszyscy jesteśmy idiotami /$cEmil Pisarz.
=260  \\$c2022.
=336  \\$aTekst$btxt$2rdacontent
=337  \\$aBez urządzenia pośredniczącego$bn$2rdamedia
=338  \\$aWolumin$bnc$2rdacarrier
=380  \\$aArtykuły
=388  1\$a2001-
=600  17$aTokarczuk, Olga$d(1962- )$2DBN
=648  \7$a2001-$2DBN
=650  \7$aCzytelnictwo$2DBN
=655  \7$aArtykuł z czasopisma literackiego$2DBN
=658  \\$aLiteraturoznawstwo
=773  0\$iW:$tAkant : miesięcznik literacki.$x1429-9054$gR. 25, nr 13 (2022), s. 34$w(PL)b0000001354863
=916  \\$aPisarz, Emil   
=931  \\$a821.162.1(091)(045/046)
=945  2\$b2001$b2022
=946  \\$k2022
=955  \7$aArtykuł z czasopisma literackiego$2DBN
=958  \\$aLiteraturoznawstwo
=980  \\$aArtykuły
=999  \\$aBNzkdbzcz$brs$x01$y2023
  
