=LDR  01906naa a2200553 i 4500
=001  b1000002823515
=005  20230118132005.2
=008  230117s2021    pl           |000 0 pol c
=009  9913148716805606
=035  \\$a(PL)b1000002823515
=040  \\$aWA N$cWA N$dWA N
=041  0\$apol$beng
=045  2\$bd1916$bd2021
=046  \\$k2021
=080  \\$a821.162.1(091)(045/046)
=100  1\$aFoltyniak-Pękala, Anna$d(1980- )$eAutor
=245  10$aCzułość w dorzeczu pięciu nurtów /$cAnna Foltyniak-Pękala (Akademia Techniczno-Humanistyczna w Bielsku-Białej).
=260  \\$c2021.
=336  \\$aTekst$btxt$2rdacontent
=337  \\$aBez urządzenia pośredniczącego$bn$2rdamedia
=338  \\$aWolumin$bnc$2rdacarrier
=380  \\$aArtykuły
=388  1\$a2001-
=504  \\$aBibliografia na stronach 422-424.
=546  \\$aStreszczenie w języku angielskim.
=600  17$aBrandys, Kazimierz$d(1916-2000)$2DBN
=648  \7$a1901-2000$2DBN
=650  \7$aLiteratura polska$2DBN
=650  \7$aNarracja$2DBN
=655  \7$aArtykuł problemowy$2DBN
=658  \\$aLiteraturoznawstwo
=710  2\$aAkademia Techniczno-Humanistyczna (Bielsko-Biała)$4oth
=773  0\$iW:$tSztuka inwencji : Ryszarda Nycza praktykowanie humanistyki : rozmowy, inspiracje, kontynuacje$gs. 411-424$w(PL)b1000001133374
=916  \\$aFoltyniak-Pękala, Anna   (1980- )
=921  2\$aAkademia Techniczno-Humanistyczna (Bielsko-Biała)
=931  \\$a821.162.1(091)(045/046)
=945  2\$b1916$b2021
=946  \\$k2021
=955  \7$aArtykuł problemowy$2DBN
=958  \\$aLiteraturoznawstwo
=980  \\$aArtykuły
=999  \\$aBNzkdroz$bans
  
