=LDR  03013naa a2200841 i 4500
=001  b1000002828905
=005  20230124134205.3
=008  230123s2022    pl       o   |000 0 pol c
=009  9913157963005606
=035  \\$a(PL)b1000002828905
=040  \\$aWA N$cWA N$dWA N
=045  2\$bd1260$bd2022
=046  \\$k2022
=080  \\$a1(045/046)
=100  1\$aStachurski, Michał$d(1991- )$eRecenzja
=245  10$a[Max Scheler między innymi - recenzja] /$cMichał Stachurski.
=260  \\$c2022.
=336  \\$aTekst$btxt$2rdacontent
=337  \\$aBez urządzenia pośredniczącego$bn$2rdamedia
=338  \\$aWolumin$bnc$2rdacarrier
=380  \\$aArtykuły
=388  1\$a2001-
=500  \\$aTytuł nadany przez katalogującego.
=520  8\$aZawiera recenzję książki: Max Scheler między innymi / Jaromir Brejdak. - Kraków, 2022.
=600  07$aMistrz Eckhart$d(ok. 1260-ok. 1328)$2DBN
=600  07$aTeresa Benedykta od Krzyża$c(święta ;$d1891-1942)$2DBN
=600  17$aBonhoeffer, Dietrich$d(1906-1945)$2DBN
=600  17$aBrejdak, Jaromir$d(1961- ).$tMax Scheler miedzy innymi$2DBN
=600  17$aFrankl, Viktor E.$d(1905-1997)$2DBN
=600  17$aHeidegger, Martin$d(1889-1976)$2DBN
=600  17$aHusserl, Edmund$d(1859-1938)$2DBN
=600  17$aLuhmann, Niklas$d(1927-1998)$2DBN
=600  17$aNietzsche, Friedrich$d(1844-1900)$2DBN
=600  17$aPlessner, Helmuth$d(1892-1985)$2DBN
=600  17$aScheler, Max$d(1874-1928)$2DBN
=600  17$aTaylor, Charles$d(1931- )$2DBN
=600  17$aTischner, Józef$d(1931-2000)$2DBN
=600  17$aTokarczuk, Olga$d(1962- )$2DBN
=600  17$aTomasello, Michael$d(1950- )$2DBN
=648  \7$a1201-1300$2DBN
=648  \7$a1301-1400$2DBN
=648  \7$a1901-2000$2DBN
=650  \7$aAntropologia filozoficzna$2DBN
=650  \7$aFenomenologia$2DBN
=650  \7$aFilozofia amerykańska$2DBN
=650  \7$aFilozofia austriacka$2DBN
=650  \7$aFilozofia kanadyjska$2DBN
=650  \7$aFilozofia niemiecka$2DBN
=650  \7$aFilozofia polska$2DBN
=650  \7$aFilozofia współczesna$2DBN
=650  \7$aOpracowanie$2DBN
=655  \7$aArtykuł z czasopisma naukowego$2DBN
=655  \7$aArtykuł z czasopisma teologicznego$2DBN
=658  \\$aFilozofia i etyka
=773  0\$iW:$tŚwidnickie Studia Teologiczne.$x1733-8034.$gR. 19 (2022), s. 175-176$w(PL)b0000001706232
=916  \\$aStachurski, Michał   (1991- )
=931  \\$a1(045/046)
=945  2\$b1260$b2022
=946  \\$k2022
=955  \7$aArtykuł z czasopisma naukowego$2DBN
=955  \7$aArtykuł z czasopisma teologicznego$2DBN
=958  \\$aFilozofia i etyka
=980  \\$aArtykuły
=999  \\$aBNzkdbzcz$bpwi$x01$y2023
  
