=LDR  01594naa a2200505 i 4500
=001  b1000002829195
=005  20230124134205.3
=008  230123s2023    pl            000 0 pol c
=009  9913158372405606
=015  \\$aPrasa 2023/01/23
=035  \\$a(PL)b1000002829195
=040  \\$aZAM 001$cZAM 001$dWA N
=045  0\$bd2023
=046  \\$k2023
=100  1\$aBiernacki, Jerzy$c(dziennikarz)$eAutor
=245  10$aDlaczego "Empuzjon" nie jest arcydziełem? /$cMarek Biernacki.
=260  \\$c23-29 I 2023.
=336  \\$aTekst$btxt$2rdacontent
=337  \\$aBez urządzenia pośredniczącego$bn$2rdamedia
=338  \\$aWolumin$bnc$2rdacarrier
=380  \\$aArtykuły
=388  1\$a2001-
=600  17$aTokarczuk, Olga$d(1962- ).$tEmpuzjon$2DBN
=648  \7$a2001-$2DBN
=650  \7$aKrytyka literacka$2DBN
=650  \7$aLiteratura polska$2DBN
=650  \7$aPisarze polscy$2DBN
=651  \7$aPolska$2DBN
=655  \7$aArtykuł publicystyczny$2DBN
=658  \\$aLiteraturoznawstwo
=773  0\$iW:$tSieci (Gdynia ; 2017).$x2544-2694$g2023, nr 4, s. 66-68$w(PL)b0000005671569
=915  \\$aPrasa 2023/01/23
=916  \\$aBiernacki, Jerzy  (dziennikarz) 
=945  0\$b2023
=946  \\$k2023
=951  \7$aPolska$2DBN
=955  \7$aArtykuł publicystyczny$2DBN
=958  \\$aLiteraturoznawstwo
=980  \\$aArtykuły
=999  \\$aZAM 001$bkc
  
