=LDR  02101naa a2200601 i 4500
=001  b1000002832627
=005  20230127135551.1
=008  230126s2022    pl           |000 0 pol c
=009  9913159396405606
=035  \\$a(PL)b1000002832627
=040  \\$aWA N$cWA N$dWA N
=046  \\$k2022
=080  \\$81.1\x$a821.162.1(091)(045/046)
=245  00$aCzy będą mnie podziwiać? /$cz Olgą Tokarczuk, pisarką i z Joanną Concejo, ilustratorką i graficzką rozmawia Michał Nogaś.
=260  \\$c2022.
=336  \\$aTekst$btxt$2rdacontent
=337  \\$aBez urządzenia pośredniczącego$bn$2rdamedia
=338  \\$aWolumin$bnc$2rdacarrier
=380  \\$aArtykuły
=388  1\$a2001-
=600  17$aConcejo, Joanna$d(1971- )$2DBN
=650  \7$aIlustracje$2DBN
=650  \7$aIlustratorzy polscy$2DBN
=650  \7$aLiteratura polska$2DBN
=655  \7$aArtykuł z czasopisma literackiego$2DBN
=655  \7$aArtykuł z czasopisma społeczno-kulturalnego$2DBN
=658  \\$aHistoria
=658  \\$aKultura i sztuka
=700  1\$aConcejo, Joanna$d(1971- )$eWywiad
=700  1\$aTokarczuk, Olga$d(1962- )$eWywiad
=773  0\$iW:$tKsiążki (Warszawa ; 2011).$x2083-3881$g2022, nr 6, s. 78-81$w(PL)b0000002644843
=918  1\$aConcejo, Joanna$d(1971- )
=918  1\$aTokarczuk, Olga$d(1962- )
=931  \\$a821.162.1(091)(045/046)
=946  \\$k2022
=955  \7$aArtykuł z czasopisma literackiego$2DBN
=955  \7$aArtykuł z czasopisma społeczno-kulturalnego$2DBN
=958  \\$aHistoria
=958  \\$aKultura i sztuka
=980  \\$aArtykuły
=999  \\$aBNzkdbzcz$bans$x01$y2023
  
