=LDR  01603naa a2200469 i 4500
=001  b1000002835625
=005  20230201165724.7
=008  230131s2022    pl       o   |000 0 pol c
=009  9913160055105606
=035  \\$a(PL)b1000002835625
=040  \\$aWA N$cWA N$dWA N
=045  0\$bd2022
=046  \\$k2022
=080  \\$a821.162.1(091)(045/046)
=100  1\$aStanisławski, Wojciech$d(1968- )$eRecenzja
=245  10$aAlbo binarne, albo bizarne /$cWojciech Stanisławski.
=260  \\$c2022.
=336  \\$aTekst$btxt$2rdacontent
=337  \\$aBez urządzenia pośredniczącego$bn$2rdamedia
=338  \\$aWolumin$bnc$2rdacarrier
=380  \\$aArtykuły
=388  1\$a2001-
=520  8\$aZawiera recenzję książki: Empuzjon / Olga Tokarczuk. - Kraków, 2022.
=600  17$aTokarczuk, Olga$d(1962- ).$tEmpuzjon$2DBN
=648  \7$a2001-$2DBN
=650  \7$aLiteratura polska$2DBN
=655  \7$aArtykuł z czasopisma literackiego$2DBN
=658  \\$aLiteraturoznawstwo
=773  0\$iW:$tTwórczość : miesięcznik literacko-krytyczny.$x0041-4727$gR. 78, nr 12 (2022), s. 120-126$w(PL)b0000001302625
=916  \\$aStanisławski, Wojciech   (1968- )
=931  \\$a821.162.1(091)(045/046)
=945  0\$b2022
=946  \\$k2022
=955  \7$aArtykuł z czasopisma literackiego$2DBN
=958  \\$aLiteraturoznawstwo
=980  \\$aArtykuły
=999  \\$aBNzkdbzcz$brs$x01$y2023
  
