=LDR  02356naa a2200565 i 4500
=001  b1000002837534
=005  20230202145739.9
=008  230201s2022    pl           |000 0 eng c
=009  9913160921205606
=035  \\$a(PL)b1000002837534
=040  \\$aWA N$cWA N$dWA N
=045  0\$bd2009
=046  \\$k2022
=080  \\$a821.162.1(091)(045/046)
=100  1\$aSosnowska, Monika$c(filolog)$eAutor
=245  10$a"What sort of a world is this, where killing and pain are the norm? What on earth is wrong with us?" :$bnature strikes back in Olga Tokarczuk's "Drive your plow over the bones of the dead" (2009) /$cMonika Sosnowska (University of Lodz. faculty of International and Political Studies. British and Commonwealth Studies Department).
=246  30$aNature strikes back in Olga Tokarczuk's "Drive your plow over the bones of the dead" (2009)
=260  \\$c2022.
=336  \\$aTekst$btxt$2rdacontent
=337  \\$aBez urządzenia pośredniczącego$bn$2rdamedia
=338  \\$aWolumin$bnc$2rdacarrier
=380  \\$aArtykuły
=388  1\$a2001-
=504  \\$aBibliografia, netografia na stronach 316-317.
=600  17$aTokarczuk, Olga$d(1962- ).$tProwadź swój pług przez kości umarłych$2DBN
=648  \7$a2001-$2DBN
=650  \7$aAntropocentryzm$2DBN
=650  \7$aLiteratura polska$2DBN
=650  \7$aPosthumanizm$2DBN
=650  \7$aPowieść$2DBN
=655  \7$aArtykuł problemowy$2DBN
=655  \7$aArtykuł z czasopisma filologicznego$2DBN
=658  \\$aLiteraturoznawstwo
=710  2\$aKatedra Studiów Brytyjskich i Krajów Wspólnoty Brytyjskiej (Uniwersytet Łódzki)$4oth
=773  0\$iW:$tAcademic Journal of Modern Philology.$x2299-7164$gVol. 15 (2022), s. 305-317$w(PL)b0000002892878
=916  \\$aSosnowska, Monika  (filolog) 
=921  2\$aKatedra Studiów Brytyjskich i Krajów Wspólnoty Brytyjskiej (Uniwersytet Łódzki)
=931  \\$a821.162.1(091)(045/046)
=945  0\$b2009
=946  \\$k2022
=955  \7$aArtykuł problemowy$2DBN
=955  \7$aArtykuł z czasopisma filologicznego$2DBN
=958  \\$aLiteraturoznawstwo
=980  \\$aArtykuły
=999  \\$aBNzkdbzcz$bsg$x02$y2023
  
