=LDR  01709naa a2200505 i 4500
=001  b1000002840577
=005  20230207143354.1
=008  230206s2021    pl           |000 0 pol c
=009  9913165546605606
=035  \\$a(PL)b1000002840577
=040  \\$aWA N$cWA N$dWA N
=041  0\$apol$beng
=045  0\$bd2007
=046  \\$k2021
=080  \\$a821.162.1(091)(045/046)
=100  1\$aBrandeburska, Elżbieta$eAutor
=245  10$a"Źle uzywany intelekt plami nas afektami" :$bjakim językiem próbują mówić o odczuciach i emocjach wybrani bohaterowie "Biegunów" Olgi Tokarczuk?  /$cElżbieta Brandeburska.
=260  \\$c2021.
=336  \\$aTekst$btxt$2rdacontent
=337  \\$aBez urządzenia pośredniczącego$bn$2rdamedia
=338  \\$aWolumin$bnc$2rdacarrier
=380  \\$aArtykuły
=388  1\$a2001-
=504  \\$aBibliografia na stronach 209-210.
=546  \\$aStreszczenie w języku angielskim.
=600  17$aTokarczuk, Olga$d(1962- ).$tBieguni$2DBN
=648  \7$a2001-$2DBN
=650  \7$aLiteratura polska$2DBN
=650  \7$aTematy i motywy$2DBN
=655  \7$aArtykuł problemowy$2DBN
=658  \\$aLiteraturoznawstwo
=773  0\$iW:$tOd uwielbienia do wzgardy : o języku emocji w różnych typach dyskursu$gs. 195-211$w(PL)b1000002427580
=916  \\$aBrandeburska, Elżbieta   
=931  \\$a821.162.1(091)(045/046)
=945  0\$b2007
=946  \\$k2021
=955  \7$aArtykuł problemowy$2DBN
=958  \\$aLiteraturoznawstwo
=980  \\$aArtykuły
=999  \\$aBNzkdroz$bans
  
